4900 6528
897 725 1036 826 (sar)

249 885 357 984 sergio
379 887 443 960 boo
466 893 516 962 est
539 884 626 960 thies
650 891 683 958 at
704 891 856 978 nepotem
879 907 943 980 ego
965 881 1143 961 membrata
1165 887 1268 963 m'saia
1291 889 1424 966 honesta
1448 894 1570 967 femina
1594 916 1672 967 oum

251 1013 427 1086 volumtate
458 1010 629 1085 memorati
661 1007 786 1084 domini
818 1007 964 1106 stephani
997 1009 1061 1082 viri
1085 1011 1150 1085 mei
1177 1035 1283 1108 neque
1308 1038 1328 1084 a
1353 1015 1469 1089 nestris
1500 1016 1672 1092 heredibus

251 1141 340 1216 nullo
364 1149 510 1236 tempora
532 1161 712 1237 numquam
736 1159 795 1211 sos
817 1146 1013 1212 memoratus
1036 1136 1187 1212 domiuus
1204 1139 1358 1212 iohannes
1371 1143 1561 1216 uenerabilis
1579 1168 1670 1241 ygn-

251 1291 366 1344 meuus
389 1275 447 1341 aut
468 1266 605 1362 posteris
627 1266 743 1339 vasaria
764 1287 824 1338 noo
847 1273 1044 1338 memoratus
1065 1275 1193 1338 sanctus
1216 1275 1251 1340 at
1272 1265 1463 1340 venerabilis
1478 1267 1583 1342 bestm
1598 1293 1673 1344 mo-

251 1391 409 1467 nasterius
431 1390 522 1487 quod
544 1389 627 1464 absit
649 1388 793 1462 habentis
809 1389 927 1464 exindo
942 1389 1116 1486 aliquando
1131 1413 1339 1486 quacumque
1352 1391 1603 1489 requesitioucm
1620 1405 1677 1468 aut

252 1519 399 1595 molestis
421 1539 480 1614 per
503 1517 632 1590 nulium
663 1516 798 1592 modum
821 1540 881 1591 neu
903 1539 962 1613 per
988 1515 1167 1590 summissis
1196 1539 1348 1613 personas
1372 1519 1415 1592 ha
1439 1541 1526 1593 nunc
1549 1530 1583 1594 ct
1606 1521 1677 1595 im·

251 1647 414 1746 perpetuis
435 1646 645 1744 temporibus.
670 1645 800 1742 eoquod
823 1644 962 1718 nominis
984 1651 1111 1718 nocuos
1132 1645 1272 1720 scribere
1295 1645 1444 1741 dignatus
1466 1671 1502 1721 es
1524 1648 1559 1720 in
1582 1667 1673 1721 sauro

249 1773 397 1870 dyptinos
418 1781 552 1846 vestros
576 1779 722 1844 sotumco
744 1793 807 1865 ago
841 1778 1023 1844 memorato
1054 1785 1190 1843 romano
1212 1771 1348 1844 adfirmo
1371 1771 1471 1846 vobis'
1497 1779 1534 1846 ut
1564 1795 1676 1869 quau-

250 1895 359 1994 doque
381 1891 476 1969 vobis
506 1895 708 1994 pectenem
732 1897 847 1970 vestris
877 1917 1023 1971 necesses
1044 1898 1144 1970 iussis
1166 1905 1345 1970 memorata
1367 1897 1514 1970 chartula
1537 1907 1570 1969 et
1595 1919 1673 1970 me-

250 2031 376 2098 morata
398 2023 604 2098 somessione
628 2031 706 2095 tone
729 2043 792 2118 ego
815 2029 849 2094 ct
870 2021 1006 2096 heredes
1030 2021 1111 2096 meis
1133 2021 1228 2096 uobis
1249 2023 1429 2120 votique
1452 2021 1589 2118 posteris
1621 2045 1676 2098 eas

251 2149 443 2226 houmere
463 2159 499 2228 st
520 2161 700 2226 monstram
722 2148 897 2225 debeamus
920 2151 961 2224 ad
984 2149 1191 2246 relegendum
1215 2149 1272 2222 ubi
1288 2149 1380 2223 vobis
1395 2171 1562 2224 necessum
1578 2151 1678 2226 iacuit

250 2277 374 2376 abacos
395 2280 486 2353 orani
508 2287 616 2352 vestra
637 2277 939 2374 tammarioatioosm
970 2277 1059 2350 nulla
1095 2277 1188 2351 vobis
1222 2277 1385 2351 mittentes
1418 2275 1677 2352 boocamioncm.

251 2407 338 2492 Quia
360 2405 406 2478 its
428 2405 522 2478 nobis
544 2401 749 2498 complacuir
774 2403 810 2474 Si
833 2413 942 2476 autem
965 2425 1025 2476 uos
1040 2411 1098 2476 aut
1113 2403 1247 2478 heredes
1262 2403 1380 2477 nostrie
1398 2401 1515 2500 quovis
1530 2413 1677 2498 temporo

251 2541 362 2606 cono-a
385 2527 469 2606 bunc
490 2525 638 2602 ebunola
660 2527 838 2600 offertionis
860 2536 899 2598 ut
921 2549 1018 2622 super
1042 2529 1164 2627 legitur
1177 2529 1290 2604 venire
1308 2529 1577 2626 presumserimm
1593 2539 1625 2602 at
1643 2529 1678 2602 in

253 2657 376 2754 aliquid
407 2654 521 2728 offensi
548 2652 708 2726 fuerimus
740 2671 799 2746 per
821 2648 939 2748 quovis
960 2651 1096 2724 modum
1119 2662 1177 2726 ant
1199 2653 1378 2728 summissis
1407 2662 1677 2750 personantem

253 2783 479 2880 componimus
502 2780 595 2855 robis
618 2779 820 2877 posterisque
852 2779 967 2853 vestris
999 2777 1072 2852 auri
1094 2780 1214 2855 solidos
1243 2781 1361 2878 vigint
1387 2779 1617 2878 bythiantcos:
1645 2791 1679 2854 ct

134 3017 139 3026 υ
252 2913 314 2986 beo
326 2911 473 2986 chartula
488 2908 628 3007 qualiter
643 2907 784 2982 continet
800 2907 892 2982 firma
909 2915 1072 2980 remancat
1088 2905 1123 2978 in
1138 2918 1345 3004 perpetuum.
1361 2907 1479 3003 scripta
1493 2929 1552 3002 per
1564 2925 1679 2980 manus

253 3039 386 3115 iohanni
408 3037 539 3112 curialis
561 3035 702 3109 scribere
725 3035 912 3130 rogavimus
935 3055 994 3129 pcr
1016 3033 1191 3107 indictione
1214 3043 1393 3107 memoratu
1414 3032 1527 3104 octaba
1552 3027 1585 3126 †

348 3163 381 3265 †
404 3161 475 3262 ego
498 3163 669 3261 grogorius
693 3163 778 3238 tilius
791 3161 914 3238 domini
929 3161 1077 3234 iohannis
1089 3171 1222 3258 rogatus
1238 3185 1258 3233 a
1275 3159 1507 3257 suprascriptas
1523 3179 1676 3255 pcrsones

250 3297 325 3369 testi
354 3293 526 3390 subscripsi
539 3292 582 3390 ·†

348 3421 380 3518 †
403 3445 465 3518 ogo
490 3421 630 3495 cautus
652 3417 737 3494 fitius
762 3417 885 3525 domiui
904 3418 988 3514 petri
1005 3425 1137 3512 rogutm
1152 3441 1171 3487 a
1186 3415 1416 3510 suprascriptos
1431 3433 1583 3508 personas
1604 3415 1676 3488 testi

253 3549 426 3646 subscupsi
449 3546 481 3644 †

349 3679 380 3778 †
404 3701 467 3776 ego
491 3677 688 3752 theofilactus
711 3675 796 3749 filius
820 3671 944 3746 domini
972 3669 1115 3769 gregorii
1138 3677 1270 3768 rogetus
1293 3693 1313 3742 a
1335 3666 1565 3764 suprascriptas
1595 3691 1675 3762 pcr-

255 3829 348 3881 sonos
369 3808 443 3881 testi
465 3805 638 3901 subscripsi
660 3805 692 3901 †
