4954 6532
905 653 1024 750 (25)

771 891 780 908 ’
911 939 1009 1016 nnn

348 1187 440 1285 †1n
463 1188 599 1262 nomine
621 1188 745 1260 domini
769 1189 821 1262 dei
844 1189 1011 1264 salvatoris
1034 1192 1137 1262 nostri
1152 1190 1245 1264 lbesu
1262 1189 1381 1263 Christi
1395 1191 1577 1290 imperante
1603 1198 1668 1267 do·
1747 1210 1802 1258 ³11·

237 1316 350 1390 ·rnino
376 1325 489 1389 nostro
513 1317 722 1388 Constantino
744 1341 864 1412 magno
880 1319 1077 1412 Imperatore
1093 1342 1178 1389 anno
1196 1319 1444 1413 quadragesimo
1460 1329 1598 1414 quarto:
1616 1321 1673 1394 sed
1724 1321 1810 1382 952.

260 1452 292 1515 et
313 1465 450 1518 murano
473 1465 593 1540 magno
617 1447 813 1539 imperatore
846 1445 917 1515 eius
939 1445 1008 1514 filio
1032 1467 1117 1514 anno
1140 1443 1278 1536 septimo
1302 1444 1354 1514 die
1379 1445 1530 1516 vicesima
1553 1446 1667 1540 quinta

257 1569 374 1644 montis
396 1571 551 1644 iebrnerii
574 1572 750 1645 indictione
774 1572 900 1644 decima
923 1573 1074 1666 neapoli:
1100 1574 1204 1644 Horta
1228 1579 1275 1643 est
1301 1569 1411 1665 itaque
1436 1571 1572 1641 intentio
1587 1571 1672 1646 inter

256 1713 309 1764 me
337 1694 502 1768 theoctisti
532 1697 668 1768 bonsstn
701 1697 821 1769 femina
844 1696 911 1766 fflia
934 1698 1066 1792 quidem
1090 1697 1323 1790 dominipetri
1347 1699 1405 1792 qui
1423 1719 1526 1791 super
1548 1719 1668 1770 nomen

251 1818 371 1912 pietuii
393 1823 505 1894 relicta
528 1832 638 1896 autem
662 1822 797 1918 quidem
813 1823 935 1894 domini
948 1824 1091 1893 marini:
1119 1833 1151 1892 et
1168 1833 1199 1893 te
1215 1823 1367 1896 videlicet
1384 1823 1516 1894 domino
1530 1823 1669 1893 iohanne

248 1943 322 2014 fiiio
353 1946 487 2039 quidem
509 1949 633 2019 domini
655 1948 849 2018 theofilacti.-
887 1951 927 2020 de
959 1952 1171 2021 intentionem
1202 1925 1300 2044 quam
1323 1949 1408 2018 inter
1434 1969 1494 2017 nos
1518 1945 1668 2018 abuimus

258 2070 299 2143 dc
321 2069 487 2162 integrum
509 2075 650 2143 fundum
672 2076 817 2166 positum
840 2077 875 2146 in
898 2079 1104 2152 marilianum
1126 2100 1191 2150 una
1214 2099 1290 2152 cam
1313 2085 1378 2146 tres
1401 2083 1502 2146 terras
1525 2075 1566 2146 de
1590 2096 1667 2150 nse-

256 2201 384 2264 moratc
406 2192 482 2264 loco
506 2217 549 2265 ex
572 2195 682 2289 ipsum
704 2199 843 2269 fundum
864 2201 1061 2292 pertinentes
1088 2221 1169 2292 quas
1193 2199 1325 2290 quidem
1351 2197 1482 2272 domina
1505 2222 1587 2268 anna
1609 2221 1676 2268 so-

257 2345 328 2394 cero
350 2344 423 2398 mea
447 2323 519 2399 dedi
542 2347 602 2415 per
617 2325 762 2394 chartula
786 2327 972 2392 membrana
988 2324 1105 2392 scribta
1122 2348 1140 2392 a
1156 2321 1295 2391 iohanne
1311 2323 1489 2414 presbitero
1510 2324 1578 2394 filio
1596 2349 1677 2418 gre-

258 2448 342 2543 gorii
365 2455 397 2518 et
421 2455 619 2520 memoratos
642 2447 817 2518 iohannem
831 2448 1046 2540 presbiterum
1068 2447 1126 2540 qui
1143 2445 1216 2516 illos
1233 2448 1352 2518 donavi
1368 2471 1427 2542 per
1444 2448 1505 2518 alia
1533 2449 1676 2522 obartnla

257 2595 354 2671 quarn
377 2584 414 2648 tu
439 2575 537 2646 abes:
564 2575 651 2644 unde
674 2579 708 2644 te
731 2570 860 2666 quesivi
884 2572 1018 2644 dicendo
1051 2595 1125 2666 pars
1152 2595 1226 2645 mea
1249 2574 1326 2672 quia
1351 2573 1425 2644 dom
1447 2574 1530 2648 mibi
1552 2575 1670 2646 exinde

260 2703 384 2796 integra
407 2711 523 2796 quarta
546 2723 618 2771 mea
642 2698 700 2796 qni
724 2697 807 2769 mibi
829 2699 987 2793 pertinuit
1011 2702 1052 2771 da
1075 2708 1256 2770 memorato
1282 2699 1414 2794 quidem
1436 2700 1569 2773 domino
1593 2723 1673 2774 mc-

254 2829 333 2907 ⁴rino
365 2828 439 2900 uiro
464 2827 546 2922 [meo
576 2828 753 2898 secundnm
781 2826 888 2918 legem
917 2849 961 2898 eo
984 2827 1073 2920 quod
1096 2825 1252 2918 iohannes
1276 2827 1408 2925 quidem
1431 2850 1586 2920 germano
1609 2849 1669 2897 suo

258 2955 417 3048 disposuit
437 2978 497 3048 per
517 2960 641 3058 ¹gestam
677 2963 714 3025 ut
737 2963 863 3024 tanturn
895 2963 1074 3026 memorate
1103 2976 1214 3024 socero
1241 2977 1313 3024 mea
1337 2955 1455 3024 domna
1479 2964 1512 3024 et
1536 2954 1677 3024 domina

259 3079 325 3150 vite
348 3102 406 3151 sue
427 3089 511 3150 esset
535 3091 567 3151 et
589 3088 664 3174 post
687 3081 757 3152 eius
786 3081 958 3152 transitum
989 3081 1110 3172 rediret
1134 3107 1151 3150 a
1175 3089 1355 3150 memorato
1378 3079 1511 3174 quidem
1536 3079 1676 3150 domino

260 3207 386 3278 marino
407 3206 481 3279 viro
504 3229 605 3280 meo:
639 3229 715 3300 pars
740 3214 848 3285 autern
871 3215 929 3276 tua
952 3206 1123 3277 memorati
1147 3205 1296 3275 iobannis
1320 3207 1429 3276 dicens
1452 3206 1530 3299 qnia
1554 3215 1627 3276 ante
1650 3231 1669 3275 a

256 3341 432 3405 memorata
454 3333 586 3405 domina
609 3357 693 3404 anna
716 3356 827 3404 socero
851 3341 907 3402 tua
932 3331 1005 3401 ilios
1021 3332 1094 3402 dedi
1111 3357 1128 3400 a
1146 3339 1361 3402 memoratum
1375 3329 1555 3436 'iohannem
1577 3351 1669 3422 pres·

255 3459 401 3533 biternm
426 3485 543 3556 quem,
557 3511 567 3533 .
583 3513 616 3536 .,
646 3471 679 3536 te
703 3461 860 3532 iohannes
883 3459 957 3528 ilios
982 3457 1175 3551 disponere:
1201 3459 1287 3528 unde
1310 3457 1412 3526 muita
1436 3454 1676 3528 altercationem
1695 3502 1698 3508 ·

257 3585 373 3656 exinde
395 3585 481 3660 inter
508 3609 568 3658 nos
594 3584 744 3656 abuimm
766 3607 855 3654 nune
870 3591 979 3680 entem
994 3592 1033 3652 tu
1049 3589 1230 3650 memorato
1243 3581 1383 3648 iohanne
1400 3578 1576 3652 ostensistis
1591 3580 1676 3652 mibi

257 3709 322 3802 ipsa
340 3709 486 3780 chartula
500 3733 558 3801 per
573 3713 752 3778 memorata
768 3727 879 3774 socera
894 3727 967 3772 mee
983 3702 1059 3772 tecit
1071 3725 1091 3769 a
1105 3709 1321 3776 memoratum
1336 3701 1475 3774 iohanne
1490 3705 1672 3796 presbitero

258 3840 290 3900 et
312 3829 495 3901 iudicatum
516 3836 568 3902 ‚est
590 3829 676 3898 inter
698 3849 758 3898 nos
782 3832 820 3896 ut
843 3825 951 3895 iurare
974 3845 1112 3918 persona
1145 3831 1201 3892 tna
1224 3824 1396 3894 memorati
1420 3824 1569 3898 iohannis
1593 3827 1676 3900 mibi

258 3966 292 4026 et
315 3959 424 4028 dicere
455 3957 534 4050 quia
569 3961 747 4026 memorata
781 3951 927 4022 chartula
959 3973 1059 4046 quam
1091 3949 1168 4022 iecit
1195 3959 1372 4021 memorata
1396 3951 1526 4024 domina
1549 3977 1675 4026 ennae

261 4091 442 4156 memorato
464 4082 605 4160 iohanne
628 4081 810 4174 presbitero
835 4085 928 4150 antea
943 4085 992 4148 est
1008 4079 1091 4146 iacta
1114 4099 1213 4171 quom
1236 4084 1415 4148 memorato
1439 4077 1578 4152 iobanne
1602 4080 1675 4152 ilios

261 4209 429 4304 disponere
452 4230 515 4301 ego
537 4215 673 4300 poneret
697 4206 756 4277 tivi
781 4203 897 4275 exinde
905 4251 1080 4274 ........
1113 4210 1221 4276 autem
1224 4249 1399 4272 ........
1430 4205 1579 4278 deremus
1602 4208 1674 4278 ilios

260 4330 295 4406 in
317 4353 358 4401 oc
378 4328 529 4404 ordinem
553 4328 726 4406 medietate
749 4325 850 4420 ipsius
874 4324 1006 4418 quidem
1028 4320 1177 4392 iohannis
1201 4321 1319 4392 exinde
1343 4321 1456 4395 tollere
1479 4333 1517 4396 tu
1539 4349 1671 4398 memo.

261 4465 332 4532 rato
354 4455 494 4526 iohanne
518 4477 616 4549 snper
639 4460 726 4524 sorte
751 4460 783 4544 et
808 4452 848 4522 de
873 4448 935 4519 elie
960 4447 1165 4522 medietatem
1193 4446 1309 4518 exinde
1333 4448 1442 4520 levare
1465 4449 1535 4544 ipsa
1558 4465 1674 4548 quarta

263 4603 332 4654 mea
356 4603 455 4676 quem
476 4581 561 4664 mibi
584 4607 603 4651 a
626 4586 807 4652 memorato
830 4575 905 4647 viro
938 4597 1012 4646 meo
1034 4573 1191 4666 pertinuit
1219 4575 1396 4646 secundum
1420 4577 1526 4671 legem
1549 4589 1582 4652 et
1605 4590 1670 4654 tres

262 4719 367 4802 portes
389 4707 425 4780 in
448 4717 506 4780 tua
528 4717 611 4780 esset
633 4715 790 4802 potestate
813 4703 901 4799 quod
923 4713 957 4772 et
979 4704 1100 4773 tactum
1124 4708 1172 4771 est
1195 4707 1227 4771 et
1251 4723 1325 4773 ecce
1339 4702 1376 4776 in
1392 4707 1548 4798 presentis
1564 4708 1673 4804 recepi
1732 4771 1736 4779 .

264 4855 441 4928 epersona
465 4842 522 4902 tua
545 4839 761 4903 memoratum
783 4833 1016 4899 sacramentnm
1044 4821 1168 4894 dicente
1192 4821 1273 4893 mibi
1298 4835 1335 4895 ut
1358 4829 1506 4921 superius
1530 4833 1675 4903 asserui-

265 4963 320 5032 stis
343 4969 376 5032 et
401 4959 532 5032 definivi
556 4957 672 5029 exinde
696 4967 803 5029 tecum
826 4962 858 5027 et
880 4973 958 5026 cnm
980 4948 1112 5025 heredes
1136 4954 1208 5022 tuos
1229 4946 1264 5020 in
1281 4952 1457 5024 omnibus:
1483 4963 1516 5026 et
1539 4957 1674 5029 amodo

364 5087 431 5160 su.
456 5087 505 5164 11,
1310 5085 1331 5148 t
