4854 6528
943 897 1027 968 CII.

368 1153 459 1252 †In
482 1157 614 1230 nomine
637 1155 762 1230 domini
785 1156 837 1230 dei
859 1154 1028 1230 salvatoris
1051 1159 1152 1230 nostri
1178 1155 1275 1231 Ilresu
1289 1155 1410 1230 Christi
1432 1158 1610 1256 imperante
1634 1170 1700 1240 do·
1763 1210 1818 1260 gn,

275 1281 365 1354 mino
396 1291 508 1356 nostro
540 1281 653 1354 basilio
687 1303 807 1377 magno
839 1283 1034 1378 Imperatore
1067 1304 1152 1353 anno
1178 1281 1424 1356 terdodecimo:
1463 1285 1520 1358 sed
1551 1295 1584 1360 et
1606 1289 1699 1363 Gon-
1749 1323 1835 1384 973,

276 1407 415 1482 stantino
439 1428 558 1502 magno
581 1407 779 1502 Imperatore
802 1428 887 1478 anno
917 1405 1064 1478 decImo:
1091 1428 1151 1479 noc
1173 1428 1239 1478 non
1263 1415 1296 1478 et
1319 1407 1461 1483 Iohanne
1482 1435 1604 1508 magno
1627 1415 1699 1487 lm-

277 1544 425 1633 peratore
448 1557 534 1608 anno
556 1537 679 1610 tertio:
714 1534 769 1609 dle
791 1542 881 1610 sexta
905 1535 1023 1610 mensis
1047 1533 1185 1607 ianuarii
1212 1534 1390 1609 Indictione
1418 1539 1523 1634 prima
1545 1542 1699 1639 neapohz

277 1666 411 1740 Certum
436 1671 483 1736 eat
506 1686 565 1736 nos
587 1665 686 1738 drosu
709 1671 744 1738 et
764 1661 868 1738 mana
889 1683 948 1738 scu
970 1661 1074 1734 cicino
1091 1669 1124 1734 et
1137 1659 1220 1734 mira
1244 1683 1409 1760 quamque
1432 1671 1505 1738 ruta
1529 1687 1587 1740 seu
1609 1679 1702 1764 petro

284 1801 317 1863 et
340 1791 479 1866 iohanne
501 1793 661 1887 germanis
678 1792 754 1866 filiis
776 1790 941 1888 quondam
963 1787 1112 1862 iohannis
1136 1787 1263 1862 ferrarii
1286 1789 1327 1862 de
1347 1800 1525 1864 memorato
1548 1816 1614 1866 uno
1638 1819 1700 1890 ge-

284 1918 424 1992 nitorem
447 1928 481 1991 et
504 1921 584 1994 duas
606 1919 797 2017 genitrices:
823 1939 884 1990 nos
906 1925 1086 1992 memorato
1109 1923 1202 2013 petro
1217 1926 1250 1989 et
1262 1915 1402 1992 iohanne
1418 1941 1493 1992 cum
1510 1943 1701 1995 consensum

283 2066 368 2117 sassa
389 2046 547 2156 genitrice
570 2057 690 2120 nostra.
714 2055 748 2120 et
774 2067 834 2143 per
858 2045 1057 2120 absolutione
1080 2043 1204 2118 domini
1227 2044 1344 2118 marini
1366 2045 1524 2143 imperiali
1548 2049 1703 2154 anthipati

278 2157 404 2270 patricii
437 2177 543 2272 adque
575 2178 741 2250 cumulem
771 2184 805 2248 et
836 2178 951 2250 ducem
983 2175 1041 2273 qui
1073 2197 1133 2247 nos
1157 2169 1292 2245 absolvit
1314 2197 1375 2270 pro
1405 2183 1515 2247 nostra
1538 2178 1704 2271 parvitate.

279 2311 313 2374 et
337 2327 402 2375 uua
424 2301 594 2376 nobiscnm
618 2303 742 2378 abendo
766 2303 972 2378 abocatorem
988 2305 1121 2383 domino
1136 2299 1268 2374 iohanni
1284 2301 1352 2374 filio
1367 2301 1490 2376 domini
1504 2303 1589 2374 leoni
1605 2327 1704 2399 quern

279 2424 347 2519 ipse
380 2425 520 2518 gloriose
551 2426 716 2518 potestatis
750 2425 845 2527 nobis
877 2428 1081 2500 abocatorem
1111 2427 1198 2500 dedit
1231 2449 1293 2522 pro
1325 2427 1394 2522 ipsa
1416 2438 1525 2500 nostra
1548 2432 1705 2524 parvitate

282 2559 315 2622 et
337 2573 400 2646 ego
423 2559 602 2624 memorata
625 2551 724 2624 drosu
748 2563 826 2624 cum
860 2571 1054 2623 consensum
1085 2553 1154 2622 ursi
1178 2553 1241 2624 viri
1265 2555 1352 2626 mei:
1388 2564 1422 2628 et
1444 2579 1507 2650 ego
1520 2565 1708 2640 memorata

282 2678 385 2747 maria
408 2700 485 2748 cum
501 2699 693 2750 consensum
707 2677 820 2748 cesarii
835 2675 898 2749 viri
915 2675 1001 2750 mei:
1031 2677 1062 2750 Α
1076 2679 1216 2771 presenti
1230 2682 1282 2754 die
1298 2682 1516 2775 promtissima
1530 2681 1708 2754 volumtate

283 2801 552 2877 venumdedimus
576 2809 609 2874 et
631 2800 822 2874 tradidimus
846 2801 906 2874 tibi
930 2801 1082 2896 gregorio
1112 2803 1248 2876 ferrario
1271 2807 1339 2878 lilio
1362 2806 1495 2902 quidem
1518 2805 1606 2878 leoni
1630 2831 1708 2880 mo-

285 2928 381 3002 nachi
406 2927 531 3001 dudum
553 2927 703 3002 lunarii:
729 2931 813 3002 ldest
835 2953 899 3002 una
922 2929 1041 3026 petiola
1063 2939 1173 3004 nostra
1197 2933 1238 3004 de
1261 2941 1434 3026 terraque
1457 2931 1643 3002 nominatur
1667 2933 1708 3004 ad

291 3054 429 3148 anglone
461 3052 564 3147 posita
588 3053 624 3124 in
655 3075 770 3148 campo
793 3053 833 3126 de
857 3053 965 3126 miana
998 3075 1074 3126 curn
1106 3054 1275 3128 arvorrbus
1298 3063 1331 3128 et
1354 3055 1524 3129 Introitum
1558 3078 1655 3128 suum
1679 3065 1712 3129 et

287 3181 438 3254 omnibus
460 3179 523 3252 sivi
547 3181 778 3276 pertinentibus
801 3181 860 3277 qui
882 3180 1067 3255 hohenerad
1090 3209 1110 3256 a
1133 3191 1311 3258 memorato
1326 3184 1466 3277 genitori
1480 3195 1592 3257 nostro
1607 3209 1627 3255 a
1642 3183 1712 3257 sel-

286 3309 368 3384 lecta
392 3333 457 3405 que
480 3308 667 3380 nominatur
689 3331 803 3405 spensa
825 3311 937 3384 relicta
961 3309 1123 3405 quondam
1147 3309 1295 3380 iohannis
1313 3332 1371 3402 per
1394 3309 1555 3381 chartulas
1579 3334 1712 3406 compa,-

291 3437 425 3509 ratiouis
447 3457 505 3508 sue
540 3435 736 3510 membranis
771 3437 889 3530 scripta
921 3435 1076 3532 inquam
1100 3433 1225 3528 etipsa
1256 3431 1403 3504 chartula
1433 3433 1492 3503 tibi
1515 3435 1550 3504 in
1572 3438 1712 3528 presenti

292 3565 456 3638 dedimus:
482 3563 662 3636 coherente
686 3562 748 3636 sivi
772 3563 813 3634 ab
835 3586 903 3634 uno
925 3562 1024 3636 latere
1047 3571 1081 3636 et
1104 3563 1144 3636 do
1168 3584 1235 3634 uno
1257 3559 1361 3656 capite
1394 3568 1479 3635 terra
1508 3569 1587 3634 tua:
1615 3565 1712 3638 etde

290 3692 354 3764 alio
377 3693 477 3764 lutere
500 3701 586 3764 terra
609 3691 795 3762 monasterii
818 3699 1003 3770 sanctorum
1026 3691 1170 3764 meandi
1194 3698 1226 3762 et
1249 3689 1403 3761 marciani
1426 3687 1607 3784 puellarum
1631 3692 1708 3762 dei:

293 3828 327 3892 et
351 3820 392 3890 de
416 3817 480 3889 alio
503 3819 607 3911 capite
630 3825 715 3888 terra
739 3817 909 3888 memorati
933 3818 1132 3890 monasterii.
1158 3826 1192 3892 et
1206 3828 1292 3889 terra
1312 3818 1352 3890 de
1366 3817 1414 3889 illi
1429 3816 1602 3888 saviniani:
1623 3819 1713 3890 Unde

290 3945 372 4018 nihil
395 3945 487 4018 nobis
510 3944 626 4017 exinde
649 3943 781 4039 aliquod
804 3945 956 4016 remansit
971 3953 1027 4017 aut
1041 3948 1276 4036 reservavimus
1291 3971 1350 4018 nec
1365 3947 1401 4018 in
1416 3945 1517 4017 aliena
1532 3947 1710 4042 cuiusquet

291 4095 427 4166 persona
450 4069 540 4167 quod
563 4068 647 4142 absit
670 4067 890 4140 commisimus
914 4076 971 4140 aut
993 4069 1058 4140 iam
1074 4070 1307 4142 committimus
1320 4077 1530 4164 potestatem:
1550 4077 1616 4140 eta
1633 4093 1714 4164 pre-

294 4197 376 4269 senti
402 4195 454 4268 die
479 4202 513 4266 et
535 4194 687 4289 deinceps
709 4204 887 4264 memorata
910 4202 995 4265 terra
1018 4203 1128 4266 nostra
1151 4219 1216 4290 que
1239 4194 1424 4266 nominatur
1440 4196 1481 4266 ad
1495 4196 1634 4289 anglone
1650 4219 1718 4291 po-

298 4323 358 4396 sita
382 4324 416 4395 in
439 4345 554 4418 campo
577 4325 618 4396 de
641 4320 748 4396 miana
771 4341 849 4394 cum
872 4321 1042 4394 arvoribus
1065 4331 1098 4395 et
1121 4323 1292 4394 introitum
1315 4344 1412 4394 suum
1436 4331 1468 4392 et
1491 4323 1642 4396 omnibus
1655 4325 1719 4398 sivi

294 4453 526 4548 pertinentibus
549 4475 614 4525 una
637 4473 713 4524 rum
738 4449 806 4544 ipsa
830 4448 977 4522 chartula
1000 4477 1020 4522 a
1043 4450 1136 4522 nobis
1159 4451 1218 4521 tibi
1242 4451 1284 4521 sit
1306 4449 1539 4524 venumdatum
1562 4460 1596 4522 et
1618 4455 1718 4526 tradi-

293 4587 366 4650 tum
389 4580 425 4650 in
448 4589 504 4652 tua
530 4579 679 4672 tuisque:
705 4575 878 4648 heredibus
901 4577 964 4648 sint
978 4585 1132 4670 potestate
1147 4575 1306 4672 quidquid
1329 4575 1445 4646 exinde
1469 4575 1574 4648 iacere
1598 4579 1720 4653 voluc-

293 4701 391 4773 ritis:
419 4710 452 4771 et
475 4723 582 4794 neque
607 4723 626 4770 a
648 4698 741 4770 nobis
766 4708 944 4770 memorata
972 4699 1071 4771 drosu
1095 4709 1128 4770 et
1150 4699 1254 4770 maria
1277 4722 1335 4772 seu
1369 4701 1473 4772 cicino
1497 4725 1556 4775 seu
1580 4703 1662 4775 mira
1687 4715 1719 4777 et

295 4839 368 4902 ruta
392 4849 556 4924 quamque
580 4835 673 4922 petro
697 4833 730 4897 et
752 4823 892 4897 iohanne
928 4823 1089 4918 germanis
1113 4847 1175 4918 ego
1199 4832 1376 4896 memorata
1411 4827 1510 4898 drosu
1533 4851 1609 4902 cum
1633 4851 1720 4901 con-

296 4977 424 5028 sensum
447 4953 617 5027 memorati
640 4951 709 5023 ursi
731 4951 795 5024 viri
821 4952 886 5023 mei
903 4961 936 5023 et
959 4975 1021 5046 ego
1044 4961 1221 5024 memorata
1245 4952 1347 5024 maria
1371 4976 1448 5025 cum
1471 4978 1628 5028 consensu
1643 4979 1721 5028 me-

302 5077 418 5149 morati
441 5075 555 5150 cesarii
579 5075 642 5148 viri
666 5075 731 5146 mei
754 5083 787 5146 et
810 5096 869 5172 nos
893 5083 1073 5150 memorato
1103 5084 1196 5170 petro
1228 5083 1261 5147 et
1288 5075 1427 5150 iohanne
1462 5099 1539 5152 curn
1568 5102 1726 5152 consensu
