4876 6532
1354 600 1367 694 t
1393 609 1435 672 ⁸2
1460 603 1473 700 i

706 767 775 834 tem
800 760 829 830 si
852 759 887 830 in
911 755 1068 852 obsequie
1091 777 1164 829 mea
1186 779 1252 827 non
1275 757 1402 830 benerit
1429 755 1484 828 ille
1507 753 1595 828 ciero
1626 765 1659 828 et
1682 757 1710 827 si
1732 757 1803 850 ipso
1825 755 1914 829 clero
1948 757 2075 834 benerit
2099 761 2135 836 in

708 885 866 981 obsequio
892 907 964 956 meo
992 893 1070 954 tunc
1092 883 1160 978 ipse
1184 883 1354 978 igumenus
1376 891 1410 954 et
1430 893 1628 955 memoratus
1643 883 1798 956 iobanneo
1821 885 1968 958 berarius
1985 887 2136 960 exedelio

705 1034 785 1084 meo
809 1006 1072 1084 distributoribns
1093 1005 1174 1080 meis
1206 1007 1410 1080 venundetur
1430 1015 1645 1078 memoratum
1677 1015 1860 1102 stagnatum
1883 1017 1916 1079 et
1940 1011 2130 1104 porgientur

707 1138 818 1235 ipsum
834 1139 967 1213 clerum.
979 1135 1107 1210 Hubert
1122 1143 1230 1208 sanctu
1246 1133 1449 1230 neopolitano
1463 1133 1596 1208 ecdesic
1611 1155 1673 1230 pro
1687 1133 1860 1208 lmninuric
1874 1133 1997 1233 nbsqrm
2014 1139 2133 1213 iniuriu

705 1268 855 1344 tremisse
878 1290 981 1342 unum
1016 1263 1284 1362 neopolitanume
1310 1262 1345 1334 Si
1367 1260 1443 1358 quis
1474 1269 1584 1334 notem
1612 1261 1652 1336 de
1674 1260 1848 1336 beredbus
1883 1264 1966 1338 meis
1990 1275 2047 1340 cut
2071 1269 2133 1341 elin

708 1392 825 1490 queris
847 1410 1000 1488 persones
1023 1385 1141 1484 quovis
1164 1394 1311 1478 tempore
1333 1391 1446 1456 contre
1468 1383 1537 1458 buc
1558 1406 1671 1459 meum
1693 1385 1915 1464 firmissimum
1937 1389 2129 1486 dispositum

709 1527 747 1592 ut
770 1540 866 1612 super
889 1515 1009 1608 legitur
1031 1513 1143 1586 venire
1178 1511 1410 1608 presumpserit
1440 1511 1530 1584 etin
1557 1513 1677 1608 quovis
1710 1513 1889 1610 capitulum
1925 1516 2056 1592 irritum
2077 1519 2133 1590 vel

709 1640 849 1713 becuum
873 1657 948 1708 eum
971 1634 1076 1706 iecere
1098 1633 1255 1730 quesierit
1276 1657 1336 1730 per
1357 1653 1393 1708 se
1415 1641 1472 1706 out
1485 1656 1545 1730 per
1561 1637 1748 1708 summissos
1763 1659 1925 1733 personas
1941 1648 2019 1712 tuno
2035 1661 2134 1712 com-

707 1775 807 1868 ponet
828 1767 897 1862 ipse
920 1771 954 1836 ot
975 1761 1111 1836 heredes
1133 1762 1204 1837 eius
1226 1763 1268 1836 ud
1290 1769 1417 1858 portem
1439 1764 1499 1860 qui
1521 1763 1587 1838 bnc
1610 1787 1722 1839 meum
1744 1765 1965 1840 obserbeverit
1986 1769 2134 1863 disposi-

708 1905 779 1968 tum
803 1891 938 1988 eiusque
960 1889 1133 1964 heredibus
1157 1890 1230 1963 suri
1252 1889 1335 1961 libro
1357 1913 1422 1962 nnc
1445 1888 1645 1986 bytbiunter.
1669 1902 1703 1966 et
1725 1889 1787 1964 hec
1808 1914 1919 1964 meum
1943 1893 2133 1987 dispositum

711 2021 849 2119 qualiter
872 2017 1014 2092 eontinet
1041 2018 1173 2092 &mom
1206 2025 1395 2114 permanent
1425 2017 1696 2115 inperpetuum:
1729 2019 1886 2115 seriptum
1921 2041 2053 2116 quoque
2076 2043 2135 2115 per

707 2171 841 2223 menum
864 2146 1013 2220 iobunnis
1038 2145 1168 2221 eminio
1191 2145 1332 2220 scribere
1354 2153 1488 2243 rogetus
1510 2172 1569 2246 per
1591 2147 1769 2224 indictione
1791 2157 1970 2224 memorato
1993 2151 2087 2225 tertie
2103 2149 2153 2248 †·

803 2277 877 2348 Hoc
900 2275 1029 2370 signum
1052 2271 1084 2368 †
1106 2293 1221 2346 monus
1255 2283 1434 2348 memorate
1472 2275 1595 2349 mariue
1630 2277 1691 2374 qui
1720 2297 1819 2371 supro
1846 2297 1966 2352 nomen
2001 2299 2132 2376 gemme

710 2425 786 2476 enm
808 2398 974 2476 voluntate
997 2399 1169 2474 memorab
1192 2400 1336 2495 gregorii
1358 2401 1458 2474 isobri
1480 2402 1545 2474 riri
1567 2401 1620 2473 sui
1643 2401 1702 2498 qui
1725 2401 1834 2476 omnio
1850 2413 2030 2478 memoratu
2048 2427 2134 2476 con-

710 2531 888 2604 sentierunt
910 2539 944 2603 et
965 2537 1061 2602 testes
1083 2535 1121 2600 ut
1142 2525 1379 2600 subscriberent
1413 2535 1614 2624 rogaverunt
1649 2527 1740 2625 quod
1763 2550 1825 2624 ego
1852 2528 1913 2626 qui
1936 2543 2136 2606 memoratos

710 2652 752 2724 cb
774 2655 821 2726 eis
844 2653 971 2748 rogitus
994 2675 1055 2748 pro
1079 2649 1127 2726 eis
1152 2649 1327 2750 subscripsi
1349 2651 1381 2747 †

803 2776 1243 2871 †ur0r1³nromoro
1277 2783 1452 2850 umore
1473 2752 1755 2852 nb'mtrnour
1778 2783 1877 2852 nom
1905 2781 2132 2855 nurerum

710 2899 741 2966 Δ
765 2877 897 2974 offo}
918 2904 1133 2982 morrono
1155 2905 1281 2970 uncus
1294 2875 1468 2992 'c'dr’i†

806 3019 949 3113 †ur0
972 3002 1029 3098 io
1052 3031 1228 3098 nrmoro
1242 2995 1307 3096 'bu
1322 3027 1743 3094 nominornrorus
1765 2997 1896 3096 cE'n‘o'u
1920 3031 2134 3101 mortino

711 3152 836 3217 nuum
861 3119 973 3218 con-n
995 3141 1027 3238 †

808 3263 839 3358 †
865 3289 928 3359 ego
951 3265 1107 3338 iohannes
1130 3265 1217 3338 iilius
1251 3265 1376 3340 domini
1411 3265 1510 3362 sergii
1543 3273 1677 3364 rogetus
1700 3291 1720 3340 u
1743 3269 1977 3365 suprsscriptos
2010 3271 2133 3368 iugules

710 3390 784 3464 testi
808 3389 981 3482 subscripsi
1004 3387 1036 3483 †
1100 3419 1102 3425 ·

808 3518 839 3613 †
861 3520 934 3612 Ego
957 3516 1112 3590 iobonnes
1135 3517 1273 3592 Curinlis
1297 3519 1355 3616 qni
1379 3525 1576 3590 memoratos
1608 3527 1682 3612 post
1705 3519 1971 3616 subscriptionem
2002 3523 2132 3594 testium

713 3643 879 3739 Complevi
903 3651 936 3716 et
960 3643 1082 3716 absolvi
1106 3667 1165 3741 per
1188 3643 1365 3718 indictione
1389 3653 1566 3717 memoratu
1590 3643 1738 3738 tertic†
