4854 6528
887 617 1033 712 (aar)

245 780 414 855 mittimus.
441 799 501 872 pro
525 797 566 850 ao
589 773 680 872 quod
703 773 890 872 imprecanti
913 777 1066 872 accepia
1089 775 1184 852 vobis
1207 781 1324 856 exinde
1347 781 1429 856 idest
1447 785 1520 858 auri
1544 786 1665 862 solidos

244 903 478 1000 quinquaginta
501 897 711 998 bytbientcos
733 899 770 972 in
792 907 923 972 conmm
937 899 972 972 in
987 921 1117 974 omnem
1135 901 1296 979 decisione
1310 927 1369 979 eeu
1386 907 1662 988 deliberationem.

246 1031 331 1114 Quia
346 1030 391 1100 isa
405 1031 489 1101 inter
504 1026 597 1102 nobis
612 1027 791 1100 combenit:
809 1025 845 1100 Si
860 1034 969 1100 autem
986 1049 1049 1124 ego
1064 1036 1121 1101 aut
1135 1027 1271 1104 herodas
1293 1032 1375 1104 meis
1389 1036 1508 1132 quovis
1527 1047 1674 1136 tempore

248 1165 361 1228 contra
383 1154 468 1228 hanc
492 1153 673 1228 chartulam
695 1151 896 1228 venditionis
924 1159 963 1226 ut
989 1173 1087 1248 super
1116 1150 1235 1248 legitur
1263 1156 1374 1230 venire
1401 1167 1675 1252 presumserimus

246 1293 279 1356 et
301 1282 437 1358 minime
459 1281 742 1377 stimpleverimus
773 1279 835 1354 bec
858 1279 968 1368 omnia
991 1288 1169 1354 memorata
1192 1289 1226 1354 et
1248 1283 1284 1354 in
1307 1281 1430 1380 aliquid
1456 1287 1568 1362 offensi
1591 1295 1667 1366 tue-

246 1410 351 1484 rimus
373 1429 432 1502 per
454 1405 571 1502 quovis
597 1405 735 1480 modum
759 1413 817 1478 aut
838 1404 1017 1480 summissis
1040 1405 1198 1500 personis.
1228 1417 1305 1480 tuuc
1329 1412 1556 1506 componimus
1579 1415 1672 1490 vobis

247 1533 438 1628 vestrisque.
461 1531 634 1606 heredibus
660 1531 731 1602 auri
746 1531 866 1608 solidos
881 1530 1054 1606 duodecim
1067 1529 1280 1626 bptbianteos.
1297 1541 1330 1604 et
1345 1533 1406 1608 hec
1421 1535 1565 1612 chartula
1581 1564 1671 1640 qua.

245 1663 320 1742 liter
342 1662 484 1737 modoet
509 1661 551 1734 sit
573 1663 667 1738 firma
699 1662 955 1758 imperpetuum.
981 1658 1097 1756 scripta
1119 1681 1316 1754 parmenus
1338 1660 1471 1738 iohanni
1487 1668 1600 1741 curiali
1616 1694 1675 1766 per

245 1786 421 1860 indictione
445 1796 622 1861 memorata
645 1784 836 1879 secundn†

341 1914 414 1985 Hoc
445 1913 574 2007 signum
599 1911 630 2008 †
658 1931 773 1984 manus
799 1909 970 1984 memorati
1001 1907 1146 2004 stephani
1180 1931 1256 1982 cum
1286 1912 1462 1984 volumtate
1495 1928 1673 1990 memorate

219 2121 221 2125 ,
246 2043 443 2137 ugudpsrgc
467 2041 600 2138 coniugi
623 2065 681 2116 sue
707 2043 798 2138 quod
821 2063 883 2135 ago
906 2039 965 2136 qui
988 2045 1267 2136 memoratospro
1286 2040 1333 2112 eis
1356 2041 1530 2137 subscripsi
1545 2053 1578 2116 et
1594 2067 1671 2118 me-

211 2155 392 2244 'merome
414 2168 535 2254 solidos
558 2169 720 2242 emarus
748 2165 926 2260 percepisse
949 2160 981 2256 †

340 2296 371 2390 †
394 2299 467 2389 ugo
491 2296 646 2368 iobamm
669 2294 807 2368 Cerialis
822 2303 955 2391 rogatus
972 2319 992 2364 a
1006 2293 1239 2390 suprascriptos
1249 2285 1377 2390 ¹iugules
1396 2297 1486 2370 testis
1501 2299 1673 2392 subscripsi

245 2433 280 2496 et
305 2424 539 2518 suprascriptos
560 2421 680 2494 solidos
702 2422 866 2492 confossus
890 2422 1071 2516 percepisse
1096 2420 1128 2518 †

340 2555 458 2650 †ago
488 2549 644 2626 iohannes
675 2545 762 2622 filius
795 2547 882 2628 idem
917 2549 1039 2621 domini
1072 2549 1205 2626 iohanni
1238 2557 1371 2648 rogatum
1397 2578 1414 2622 a
1439 2551 1671 2648 suprascriptos

244 2679 372 2773 iugales
395 2677 470 2750 testi
492 2675 668 2771 subscripsi
691 2682 724 2750 et
748 2673 980 2770 suprascriptos
1003 2671 1121 2748 solidos
1145 2679 1309 2750 centeuus
1332 2678 1511 2772 percepisse
1535 2675 1565 2772 †

341 2801 372 2895 †
397 2823 461 2896 ogo
484 2798 640 2875 iohannes
663 2799 807 2874 medicus
830 2809 963 2895 rogetus
988 2823 1007 2868 a
1030 2801 1264 2896 suprascriptos
1287 2801 1411 2896 iugales
1431 2805 1502 2874 testi
1526 2803 1673 2876 subscri-

241 2929 296 3023 pai
320 2935 353 2999 et
377 2925 612 3023 suprascriptos
635 2923 755 3002 solidos
779 2926 942 3000 muscosus
964 2923 1150 3020 percepisse
1173 2929 1205 3024 †

340 3056 372 3151 †
396 3057 468 3150 Ego
492 3054 650 3134 iohannes
676 3053 816 3132 doridis
838 3051 1005 3152 complevi
1028 3063 1062 3126 ct
1086 3053 1207 3130 amolvi
1226 3077 1284 3151 per
1299 3054 1471 3125 indictione
1495 3064 1671 3125 memorata

177 3281 182 3288 .
242 3185 381 3258 sesne
405 3187 437 3281 †
