4854 6528
1384 897 1507 970 CXLV.

613 1193 666 1240 an,
826 1151 859 1248 †
880 1155 919 1226 ln
941 1155 1075 1227 nomine
1097 1151 1226 1226 domini
1247 1147 1301 1225 dai
1321 1145 1621 1229 salvatorisnostri
1639 1153 1740 1227 lbesu
1756 1151 1882 1226 Christi
1896 1153 2079 1250 lmperante
2095 1161 2161 1234 do-

591 1306 677 1365 971.
735 1281 825 1354 mino
847 1278 966 1353 nostro'
983 1274 1097 1354 basilio
1120 1301 1239 1372 magno
1262 1271 1459 1368 Imperatore
1492 1297 1577 1347 anno
1608 1276 1782 1348 undecimo
1814 1277 1870 1349 sed
1898 1286 1931 1350 et
1958 1285 2159 1356 constantino

734 1409 833 1486 irater
855 1403 925 1482 eius
950 1429 1068 1502 magno
1091 1395 1288 1496 tmperatore
1311 1423 1396 1473 anno
1420 1400 1558 1472 octaba:
1592 1401 1646 1473 die
1670 1399 1831 1475 tricesima
1855 1403 1973 1475 mensis
1996 1405 2157 1480 ianuarii:

635 1503 637 1508 Ι
735 1538 909 1612 indictione
932 1530 1170 1628 qnmtadecima
1194 1528 1348 1622 neapoli:
1382 1528 1515 1602 Certum
1550 1537 1598 1602 est
1621 1553 1675 1602 me
1699 1529 1829 1602 cristina
1860 1531 1971 1603 relicta
1994 1537 2159 1632 piendam

736 1665 805 1736 occi
828 1656 952 1734 ferrarii
980 1679 1039 1750 per
1072 1655 1269 1728 absolutione
1301 1663 1397 1728 cunta
1424 1657 1632 1752 congregatio
1656 1659 1857 1730 sacerdotum
1889 1657 2035 1732 chartula
2058 1665 2158 1736 sancti

735 1789 819 1884 petri
842 1786 940 1856 situm
963 1792 996 1852 at
1018 1783 1089 1854 illos
1112 1783 1274 1856 ferrarios:
1300 1785 1330 1856 Α
1353 1786 1492 1878 presenti
1516 1785 1569 1856 die
1591 1787 1806 1880 promtissima
1822 1787 1984 1860 volontate
2009 1789 2156 1862 Vanum·

735 1912 809 1985 dedi
833 1923 865 1983 et
888 1907 1004 1982 tradidi
1029 1908 1087 1978 tibi
1110 1919 1201 2002 petro
1227 1909 1295 1981 lilio
1319 1915 1484 2006 quondam
1509 1912 1658 1984 iohannis
1681 1912 1739 2009 qui
1764 1913 1950 1986 nominatur
1974 1915 2014 1986 de
2038 1929 2156 2008 panta-

733 2039 848 2110 leone:
875 2037 968 2106 lDast
991 2033 1130 2128 integras
1154 2035 1232 2106 duas
1255 2033 1404 2108 menbras
1427 2037 1584 2132 quisunt
1607 2038 1776 2111 inferiores
1799 2063 1863 2110 una
1890 2051 1963 2114 anto
1987 2040 2049 2112 alia
2070 2065 2154 2113 con·

733 2165 859 2238 stitutas
882 2187 947 2235 una
970 2163 1028 2260 qni
1053 2173 1099 2236 est
1123 2173 1273 2258 cooperta
1296 2187 1375 2237 cum
1396 2165 1504 2272 ticulis
1528 2175 1561 2238 et
1584 2166 1645 2238 alia
1669 2167 1727 2262 qui
1742 2176 1789 2237 est
1804 2177 1955 2264 cooperta
1970 2192 2045 2241 cnm
2062 2193 2154 2242 scan-

735 2289 834 2368 dulis:
852 2293 954 2387 posita
978 2291 1063 2364 intus
1079 2315 1138 2363 anc
1161 2283 1291 2366 civitate
1316 2293 1459 2388 neapolis
1482 2271 1607 2368 invice
1623 2295 1681 2391 qui
1697 2295 1883 2367 nominatur
1898 2275 1998 2368 saneti
2013 2299 2151 2392 georgii.

735 2445 800 2494 una
823 2442 899 2490 cum
922 2418 1048 2490 aeribus
1071 2428 1104 2489 et
1127 2415 1306 2512 aspectibus
1329 2418 1426 2492 simul
1441 2428 1474 2491 et
1488 2443 1565 2490 cum
1588 2407 1734 2490 introitus
1757 2443 1831 2491 suas
1855 2445 1913 2514 per
1929 2432 2023 2515 porta
2048 2433 2081 2492 et
2099 2447 2157 2516 per

736 2547 882 2618 anditum
897 2553 929 2616 ct
943 2567 1001 2639 per
1016 2553 1106 2616 curte
1121 2567 1259 2618 comune
1274 2555 1307 2617 et
1321 2545 1471 2620 omnibus
1494 2545 1556 2618 sivi
1580 2547 1770 2642 generaliter
1789 2557 1823 2620 et
1845 2548 1879 2620 in
1903 2548 2029 2644 integro
2056 2553 2159 2645 perti·

737 2671 885 2746 nantibus
899 2672 984 2744 unde
1002 2696 1045 2744 ex
1060 2672 1129 2767 ipsa
1144 2673 1184 2745 de
1198 2681 1373 2745 memorata
1389 2675 1538 2770 portione
1557 2699 1630 2748 mea
1653 2677 1693 2746 de
1717 2685 1893 2748 memorata
1915 2685 2008 2770 porta
2033 2680 2091 2774 qui
2108 2689 2155 2750 est
2254 2760 2260 2770 ¹

735 2802 827 2873 iuxta
843 2807 1060 2870 memoratum
1076 2797 1183 2872 uicum
1199 2799 1365 2896 publicum
1380 2811 1412 2872 et
1427 2805 1468 2876 de
1483 2809 1699 2876 memoratum
1714 2803 1861 2877 anditum
1876 2815 1909 2874 et
1925 2807 1964 2878 de
1981 2821 2156 2880 memorata

735 2936 827 3001 curte
851 2949 990 3030 comune
1013 2929 1073 3028 tibi
1097 2929 1213 3000 exinde
1236 2929 1441 3002 bennndedi:
1469 2931 1527 3026 qui
1552 2933 1683 3005 coheret
1706 2931 1766 3004 sivi
1792 2957 1832 3003 ex
1856 2933 1925 3027 ipse
1949 2935 2042 3007 ambe
2059 2959 2156 3008 men-

732 3049 814 3128 bras'
832 3056 873 3127 de
897 3049 1089 3126 memoratas
1121 3055 1327 3128 inferioribus
1360 3057 1400 3126 ab
1433 3081 1499 3128 uno
1534 3059 1633 3131 latere
1657 3085 1675 3129 a
1699 3049 1788 3152 parte
1818 3061 1995 3134 meridiana
2024 3065 2156 3136 domum

735 3185 794 3280 qui
808 3183 869 3288 iuit
885 3183 1008 3256 donnini
1023 3182 1135 3254 cesarii
1150 3184 1276 3256 ferrarii
1290 3186 1344 3256 cni
1359 3208 1456 3280 snpra
1478 3209 1596 3258 nomen
1621 3187 1796 3280 gaudinum
1818 3188 1912 3260 sicuti
1937 3189 2019 3262 inter
2039 3207 2076 3262 'se
2099 3215 2154 3285 pa-

734 3309 798 3381 ries
814 3299 944 3382 enfinate
965 3308 1044 3380 etin
1060 3311 1259 3404 aliquantum
1283 3313 1416 3384 domum
1440 3319 1473 3383 et
1495 3319 1587 3382 curte
1611 3312 1767 3384 heredum
1787 3311 1931 3407 stephani
1954 3315 2079 3385 ferrarii
2102 3315 2156 3389 cui

735 3460 833 3532 supra
847 3459 966 3507 nomen
990 3438 1135 3531 papaleo:
1151 3435 1245 3508 sicuti
1273 3439 1357 3509 inter
1380 3463 1415 3510 se
1438 3439 1542 3533 paries
1565 3438 1695 3511 exfinat:
1722 3447 1755 3510 et
1779 3463 1798 3508 a
1821 3447 1911 3534 parte
1929 3439 2084 3510 horientis
2107 3447 2155 3511 est

737 3587 808 3636 casa
831 3565 954 3638 domini
978 3566 1121 3661 gregorii
1145 3567 1212 3638 filio
1236 3566 1360 3638 domini
1383 3565 1530 3660 stephani
1552 3565 1647 3636 sicuti
1670 3565 1754 3638 inter
1769 3587 1803 3638 se
1824 3565 1910 3638 clusa
1934 3565 2065 3637 tabulita
2089 3591 2156 3654 es·

737 3689 827 3763 linat:
847 3703 879 3765 et
904 3717 924 3761 a
947 3701 1037 3785 parte
1060 3689 1257 3764 hoccidentis
1280 3689 1412 3762 coheret
1436 3691 1573 3764 domum
1595 3691 1766 3764 memorati
1788 3693 1847 3788 qui
1870 3693 1932 3764 luit
1955 3691 2079 3765 domini
2097 3716 2157 3766 ce-

734 3821 810 3890 sarii
833 3820 961 3891 ferrarii
984 3826 1017 3892 et
1040 3830 1218 3892 memorata
1250 3828 1341 3892 curte
1369 3841 1507 3892 comune
1542 3820 1636 3892 sicuti
1663 3821 1747 3894 inter
1769 3843 1803 3891 se
1826 3821 1930 3914 paries
1955 3821 2095 3894 exfinat:
2126 3831 2160 3893 et

737 3972 756 4016 a
779 3956 868 4041 parte
891 3947 1126 4042 septemtrionis
1149 3956 1197 4018 est
1219 3953 1436 4023 memoratum
1469 3947 1616 4022 anditum
1642 3957 1675 4021 et
1699 3959 1874 4022 memorata
1898 3963 1988 4024 curte
2013 3973 2153 4023 comune

736 4076 822 4146 unde
845 4075 886 4145 de
910 4075 977 4166 ipsa
1000 4075 1147 4166 portione
1171 4073 1230 4144 tibi
1252 4075 1436 4146 venundedi
1459 4072 1553 4144 sicuti
1577 4074 1660 4144 inter
1684 4097 1718 4145 se
1741 4075 1844 4166 paries
1868 4082 1900 4147 et
1923 4073 2026 4146 clusas
2045 4085 2078 4146 et
2101 4098 2152 4146 re-

736 4199 789 4290 gie
813 4197 947 4268 exlinat:
965 4199 1051 4269 unde
1075 4207 1111 4269 tu
1134 4205 1167 4270 et
1189 4197 1360 4270 heredibus
1383 4198 1447 4270 tuis
1471 4196 1591 4268 ibidem
1614 4220 1671 4290 per
1695 4197 1762 4290 ipse
1787 4195 1878 4292 regie
1901 4198 2072 4272 introitum
2089 4199 2155 4270 ba-

736 4323 813 4393 bere
829 4323 985 4396 debeatis:
1004 4324 1096 4396 Unde
1110 4322 1192 4395 nibil
1206 4322 1285 4394 mihi
1301 4322 1417 4394 exinde
1441 4319 1572 4414 aliquod
1596 4317 1748 4390 remansit
1771 4329 1827 4391 aut
1852 4322 2015 4395 reserbavi
2037 4345 2097 4394 nee
2121 4323 2155 4394 in

738 4453 873 4527 abenam
895 4455 1052 4550 cuiusque
1076 4476 1212 4548 persons
1234 4451 1324 4546 quod
1348 4449 1429 4519 absit
1444 4447 1607 4518 commisit
1623 4457 1679 4520 aut
1701 4447 1768 4520 iam
1785 4450 1960 4522 commicto
1976 4457 2150 4546 potestate:

735 4587 768 4650 et
791 4605 810 4649 a
833 4582 972 4673 presenti
995 4581 1047 4652 die
1071 4590 1104 4651 et
1126 4583 1274 4673 deinceps
1298 4600 1317 4646 a
1341 4599 1395 4648 me
1419 4574 1478 4645 tibi
1502 4573 1566 4644 sint
1588 4571 1808 4648 benundatum
1831 4583 1865 4648 et
1880 4576 2035 4649 traditum
2052 4576 2086 4650 in
2102 4581 2158 4646 tna

736 4707 864 4800 tuisque
887 4707 1057 4780 heredibus
1073 4709 1136 4778 sint
1150 4713 1304 4802 potestate
1320 4703 1480 4801 quidquid
1503 4701 1621 4775 exinde
1642 4705 1748 4776 iacere
1765 4703 1932 4778 volueritis
1955 4728 1996 4777 av
2021 4705 2154 4777 odierna

738 4834 790 4904 die
813 4831 939 4927 semper
960 4833 1094 4903 liberam
1117 4835 1235 4906 abeatis
1258 4841 1429 4928 potestate:
1459 4837 1493 4905 et
1514 4852 1655 4927 nequeo
1679 4851 1732 4901 me
1755 4840 1932 4904 memorata
1953 4829 2082 4904 cristina
2098 4855 2158 4928 par

740 4957 938 5031 absolutione
970 4965 1146 5030 memorata
1178 4967 1274 5031 cunta
1306 4957 1512 5051 congregatio
1544 4959 1747 5030 sacerdotum
1779 4956 1925 5030 chartula
1948 4961 2048 5031 sancti
2071 4959 2156 5054 petri

739 5083 837 5156 situm
860 5091 892 5156 at
914 5081 987 5156 illos
1010 5079 1159 5154 ierrmios
1183 5103 1289 5174 neque
1313 5104 1331 5149 a
1355 5078 1435 5152 mais
1458 5078 1629 5152 heredibus
1653 5103 1712 5152 nec
1736 5106 1755 5152 a
1779 5081 1871 5156 nobis
1894 5085 2037 5179 personis
2062 5106 2155 5162 sum·
