4854 6528
636 1232 691 1278 ³11·
856 1215 1250 1318 †1nnominedomini
1274 1213 1436 1286 tricesimo
1459 1213 1575 1308 qrrinto
1599 1235 1685 1287 anno
1707 1213 1906 1310 principatus
1931 1213 2056 1288 domini
2079 1216 2185 1310 piruifi

616 1339 703 1402 9⁶7·
760 1350 891 1441 piorioei
913 1343 1052 1441 principi
1074 1363 1184 1414 mense
1215 1347 1331 1432 agusto
1363 1337 1489 1410 decima
1511 1337 1687 1411 indictione
1722 1339 1864 1436 Ideoque
1890 1363 1952 1437 ego
1976 1341 2094 1416 mulier
2117 1365 2185 1415 no·

761 1479 850 1549 mine
873 1473 1057 1564 sadelperga
1080 1469 1145 1539 filia
1168 1463 1315 1560 stephani
1338 1464 1524 1538 «leciniano
1532 1515 1709 1539 ........
1709 1517 1711 1520 -
1723 1517 2044 1542 .............
2074 1493 2092 1540 r
2091 1469 2187 1542 elicta

762 1599 927 1696 quondam
949 1589 1061 1664 cimini
1084 1591 1124 1662 de
1148 1590 1263 1662 eodem
1286 1589 1360 1662 loco
1382 1589 1509 1664 ciciunu
1532 1591 1660 1666 declaro
1675 1613 1729 1664 me
1743 1589 1840 1665 abere
1853 1613 1919 1664 uua
1935 1592 2022 1688 petia
2037 1593 2077 1665 da
2095 1605 2184 1664 terra

764 1727 865 1818 posita
888 1717 924 1788 in
947 1718 1021 1788 loco
1044 1715 1103 1788 ubi
1126 1715 1246 1789 dicitur
1275 1717 1381 1792 casole
1412 1719 1579 1794 territorio
1609 1717 1812 1793 dmibrense
1845 1717 1910 1791 boc
1940 1728 1989 1793 est
2015 1719 2128 1792 mbota
2151 1727 2185 1792 et

764 1845 849 1917 olibe
882 1841 988 1936 posita
1022 1840 1203 1936 pertinente
1235 1839 1318 1912 mibi
1346 1866 1366 1914 a
1389 1843 1576 1938 supradicto
1597 1843 1720 1916 cimino
1742 1841 1817 1916 biro
1840 1863 1915 1917 meo
1937 1843 1998 1940 qui
2020 1841 2103 1916 mibi
2124 1865 2183 1937 per

645 1947 648 1952 ⁵
762 1976 850 2041 carta
874 1964 1088 2039 concessionis
1119 1966 1227 2038 datam
1261 1974 1360 2063 atque
1393 1968 1547 2041 traditam
1578 1965 1670 2041 abuit
1692 1968 1762 2064 ipsa
1785 1976 1872 2040 terra
1895 1975 2004 2042 coarat
2027 1966 2089 2038 sibi
2112 1966 2184 2041 finis

765 2094 805 2166 ab
829 2115 897 2166 uno
919 2091 1020 2165 latere
1043 2116 1063 2162 a
1085 2099 1176 2187 parte
1199 2091 1374 2166 occidentis
1396 2093 1504 2188 pergit
1526 2093 1582 2166 bia
1602 2102 1636 2168 et
1658 2094 1699 2168 de
1716 2093 1781 2168 alio
1796 2094 1897 2170 latere
1913 2118 1933 2165 n
1948 2100 2039 2189 parte
2053 2091 2187 2166 orientis

767 2220 832 2292 fine
855 2217 973 2292 herede
995 2215 1145 2290 iohannis
1168 2217 1326 2290 scariclati
1357 2226 1390 2292 et
1418 2219 1459 2292 de
1486 2241 1554 2295 uno
1577 2220 1682 2316 capite
1706 2229 1840 2315 aparte
1861 2218 2100 2315 septemtrionis
2122 2216 2187 2292 tine

769 2355 856 2418 terra
891 2343 1026 2419 herodes
1056 2343 1156 2440 sergii
1185 2343 1311 2416 tribuni
1344 2353 1378 2418 et
1408 2351 1495 2418 terra
1525 2344 1645 2420 beredo
1666 2341 1801 2416 iohanni
1822 2344 1981 2418 scericlnti
2005 2352 2038 2418 et
2061 2343 2102 2418 de
2125 2342 2190 2414 alio

769 2475 874 2569 capite
897 2498 918 2544 a
940 2482 1032 2569 parta
1053 2472 1190 2549 meridie
1219 2474 1284 2547 tine
1311 2481 1399 2547 terra
1424 2474 1620 2547 monasterio
1642 2472 1745 2546 sancti
1774 2470 1947 2546 sebastiani
1969 2473 2011 2547 de
2034 2493 2072 2546 ec
2093 2490 2194 2566 super

768 2603 933 2676 nominata
956 2610 1043 2675 terra
1066 2602 1206 2700 qualiter
1235 2603 1309 2676 finis
1332 2601 1403 2678 eius
1426 2603 1570 2701 predicte
1602 2609 1679 2676 sunt
1699 2602 1915 2678 comiderabit
1937 2603 1979 2676 de
2001 2603 2055 2678 dei
2078 2603 2193 2676 omni-

769 2731 909 2828 potentis
931 2731 1153 2804 misericordia
1175 2739 1209 2806 et
1230 2755 1292 2828 pro
1314 2732 1463 2806 mercede
1486 2739 1519 2806 et
1540 2729 1726 2806 salbatioms
1748 2731 1950 2806 animemus
1972 2752 2038 2804 una
2060 2753 2189 2808 mecum

771 2859 940 2954 altergriso
963 2857 1023 2931 tilii
1045 2858 1191 2954 palumbi
1213 2858 1390 2933 beneravili
1412 2857 1571 2932 sacerdoti
1602 2854 1740 2930 deloco
1763 2877 1889 2930 coranu
1923 2857 2074 2932 exadolfo
2108 2881 2190 2953 ger·

771 3007 872 3060 mano
902 2993 936 3058 et
962 2985 1153 3060 abbocatora
1184 3008 1296 3061 meum
1329 2987 1408 3060 dum
1441 3006 1625 3082 congruum
1655 2983 1750 3058 nobis
1772 2993 1822 3058 est
1851 2984 1938 3057 bona
1968 2987 2088 3062 etenim
2119 3011 2190 3060 mea

774 3112 952 3186 bolumtate
975 3113 1076 3187 offero
1098 3115 1135 3186 in
1157 3112 1355 3187 monasterio
1377 3113 1479 3188 sancti
1501 3111 1672 3186 matiani
1686 3110 1745 3210 qui
1767 3113 1891 3207 positus
1915 3120 1964 3188 est
1983 3114 2019 3186 in
2034 3113 2194 3188 dividario

776 3261 876 3338 quem
897 3240 997 3312 modo
1021 3249 1056 3310 at
1076 3239 1224 3336 regimen
1246 3241 1368 3314 detinet
1391 3240 1524 3314 domino
1546 3239 1653 3335 sergio
1677 3239 1832 3336 agurmno
1863 3239 1899 3312 in
1929 3240 2109 3338 eaquadam
2131 3265 2191 3314 ra-

775 3370 864 3444 tione
887 3377 926 3440 ut
948 3369 1066 3442 conatis
1088 3369 1202 3442 dicbus
1224 3369 1292 3442 bito
1314 3393 1388 3444 mee
1409 3369 1469 3466 qui
1484 3390 1582 3464 supra
1604 3367 1769 3442 nominate
1791 3367 1978 3464 sadelperge
2000 3370 2036 3441 in
2058 3365 2131 3443 moa
2154 3370 2197 3442 sit

775 3501 932 3587 potestate
955 3503 989 3564 at
1010 3493 1190 3589 regendum
1222 3503 1255 3564 et
1286 3493 1534 3588 gubernandum
1555 3500 1590 3564 et
1616 3491 1826 3586 trugiandom
1847 3499 1882 3566 et
1903 3493 2136 3567 comedendum
2166 3503 2200 3568 et

777 3623 894 3696 cumtis
924 3620 1037 3694 diebus
1059 3621 1126 3693 bite
1149 3641 1221 3694 mee
1246 3642 1359 3694 omnes
1382 3621 1491 3715 fruges
1513 3639 1610 3714 super
1632 3639 1686 3692 me
1708 3618 1952 3714 recoligendum
1971 3623 2196 3696 tantummodo

778 3751 896 3826 cumtis
912 3748 1026 3822 diebos
1049 3746 1116 3821 bite
1139 3769 1212 3822 mee
1235 3750 1367 3844 quomo
1389 3755 1544 3844 parntem
1561 3745 1603 3818 sit
1618 3745 1654 3818 in
1669 3744 1731 3820 ista
1745 3754 1832 3820 terra
1845 3746 1955 3821 oleum
1973 3757 2086 3822 natum
2102 3749 2201 3822 fuerit

779 3875 899 3946 exinde
920 3874 1104 3968 persolbare
1136 3873 1310 3947 debeamus
1345 3873 1382 3946 in
1411 3873 1483 3968 ipso
1510 3875 1707 3970 superscrito
1729 3872 1925 3946 monasterio
1955 3895 2060 3946 unum
2092 3883 2197 3946 sesta-

779 3999 868 4069 rium
892 3999 933 4068 de
959 3997 1069 4069 oleum
1093 4009 1316 4070 mensuratum
1343 4005 1376 4070 at
1407 3999 1586 4071 sextarium
1616 3999 1740 4070 iustum
1762 4006 1796 4070 et
1823 3997 1954 4094 quando
1976 3997 2012 4069 in
2033 3997 2093 4070 ista
2117 4009 2204 4071 terra

781 4125 893 4196 oleum
905 4129 1020 4196 natum
1035 4146 1102 4194 non
1117 4125 1216 4196 fuerit
1230 4127 1346 4200 exinde
1361 4125 1455 4198 nobis
1470 4124 1585 4222 aliquit
1600 4144 1666 4196 non
1681 4123 1822 4221 queratis
1836 4133 1961 4198 mntem
1982 4147 2040 4220 pos
2055 4123 2204 4198 hobitum

781 4271 894 4324 meum
916 4248 976 4344 qui
1000 4271 1098 4344 supra
1132 4250 1295 4324 nominate
1318 4251 1504 4346 sadelperge
1534 4255 1641 4318 totum
1672 4255 1706 4320 et
1728 4247 1763 4317 in
1786 4248 1950 4344 integrum
1983 4273 2061 4324 cnm
2095 4252 2204 4325 omnia

684 4389 688 4397 ·
782 4395 841 4448 sua
864 4372 991 4448 edificia
1014 4383 1145 4446 etcum
1168 4374 1302 4448 inferius
1325 4369 1939 4466 etsuperiusetcumuiisetanditn
1954 4393 2014 4447 sua
2040 4391 2206 4451 remaneat
2252 4368 2256 4376 ’

781 4503 816 4574 in
840 4509 996 4597 potestate
1019 4504 1059 4574 de
1082 4504 1299 4598 superscripto
1322 4497 1518 4573 monasterio
1547 4501 1650 4574 sancti
1680 4501 1850 4577 sebastiani
1873 4511 1907 4577 et
1929 4501 2063 4574 domino
2097 4505 2207 4599 sergio

785 4631 942 4724 eguminu
964 4640 1002 4704 ut
1024 4654 1137 4704 omnes
1160 4632 1270 4726 fruges
1302 4653 1345 4700 ex
1376 4627 1446 4724 ipsa
1481 4637 1567 4702 terra
1598 4629 1634 4701 in
1664 4638 1720 4702 tua
1743 4631 1803 4726 qui
1826 4651 1923 4728 supra
1947 4629 2071 4702 domini
2106 4633 2206 4728 sergii

784 4757 924 4852 igumini
947 4766 980 4829 et
1003 4759 1044 4830 de
1068 4759 1204 4851 posteris
1236 4756 1301 4828 tuis
1333 4757 1375 4830 sit
1405 4763 1561 4852 potestate
1593 4757 1724 4832 tenendi
1749 4765 1783 4830 et
1805 4757 1991 4831 dominandi
2014 4759 2144 4831 fruendi
2173 4769 2207 4833 et

786 4887 975 4960 comedendi
997 4893 1030 4957 et
1052 4885 1170 4958 exinde
1198 4887 1364 4982 quomodo
1395 4888 1500 4960 facero
1532 4883 1700 4959 volueritis
1732 4895 1955 4960 verumtamen
1983 4884 2052 4982 ipsa
2082 4888 2209 4962 cartola
2313 4934 2323 4948 f

785 5033 886 5107 mam
909 5008 992 5080 mihi
1016 5011 1133 5083 factam
1157 5011 1246 5082 abuit
1269 5012 1389 5084 cimino
1405 5011 1477 5083 biro
1493 5031 1585 5085 meus
1608 5010 1771 5086 remittam
1795 5033 1859 5108 ego
1882 5012 1970 5087 ibam
1995 5021 2074 5112 aput
2096 5013 2156 5088 bos
2171 5023 2208 5087 ut
