4900 6528
891 671 1038 768 (2³⁹)

896 949 1020 1026 cnm.

336 1207 367 1303 †
390 1209 427 1280 ln
448 1207 583 1296 'nomiae
606 1204 734 1280 domini
756 1205 810 1280 dei
832 1205 1002 1278 salvatoris
1025 1205 1134 1279 nostri
1154 1205 1254 1292 lhesn
1275 1207 1399 1284 Christi
1413 1213 1597 1310 lmperante
1612 1224 1676 1296 do-
1738 1254 1794 1301 an.

246 1337 335 1410 mino
358 1343 468 1412 nostro
491 1330 605 1412 besilio
629 1353 749 1426 magno
772 1332 970 1426 imperatore
994 1353 1080 1404 enno
1093 1333 1349 1430 quintodecimo.
1384 1343 1440 1416 sed
1463 1353 1496 1416 et
1519 1357 1672 1422 comten-
1721 1363 1807 1427 975.

245 1465 313 1538 tino
335 1462 433 1534 trama
456 1461 527 1534 eins
549 1479 670 1553 magno
692 1458 888 1554 imperatore
913 1481 997 1534 enno
1021 1459 1119 1532 tertio
1142 1461 1279 1536 decimo.
1297 1466 1349 1540 dio
1373 1469 1529 1544 vicesima
1551 1477 1672 1552 mensis

243 1588 426 1664 nobembrii
437 1589 610 1662 indictione
624 1599 740 1684 quarta
755 1588 884 1684 neapoli
899 1589 967 1664 Nos
982 1587 1127 1662 marinus
1140 1588 1176 1662 in
1191 1589 1243 1664 dei
1255 1593 1386 1666 nomine
1401 1596 1672 1676 eminentissimus

241 1719 364 1796 Consul
387 1727 420 1792 et
443 1717 514 1792 dux
536 1726 634 1812 atque
656 1715 816 1812 imperiali
840 1716 1023 1812 entbipatos
1052 1717 1215 1813 patricius
1239 1721 1270 1792 A
1293 1722 1432 1815 presenti
1455 1724 1509 1796 die
1531 1719 1671 1819 pro'dei

239 1869 352 1922 amore
375 1855 408 1924 et
430 1845 579 1920 mercede
610 1843 851 1918 stellatione
882 1843 991 1918 enimc
1022 1856 1133 1920 nostre
1161 1848 1376 1921 concessimus
1407 1859 1441 1922 et
1478 1853 1670 1928 tradidimus

241 1971 335 2045 vohis
358 1969 491 2042 domino
514 1977 607 2063 petro
629 1969 813 2044 veneravile
837 1968 930 2042 abeto
952 1969 1140 2042 monasterii
1163 1978 1348 2042 sanctorum
1371 1971 1509 2046 seberini
1534 1985 1566 2048 et
1588 1976 1669 2050 sossi

241 2100 300 2172 ubi
315 2121 430 2174 eorum
453 2095 648 2172 veneravilis
671 2098 842 2193 quiescunt
864 2117 1001 2191 corpora
1025 2103 1058 2170 et
1080 2117 1139 2191 per
1162 2117 1220 2168 vos
1242 2096 1279 2168 iu
1300 2107 1480 2172 memorato
1495 2078 1613 2174 ¹sancto
1636 2111 1670 2175 et

240 2226 418 2300 veneravili
440 2236 549 2298 vestro
572 2225 768 2298 monasterio
791 2226 927 2320 eiusque
949 2229 1128 2298 memorate
1151 2231 1257 2298 vestre
1274 2229 1532 2322 congregationis
1546 2251 1668 2302 mona-

237 2354 376 2425 chorum
400 2353 600 2446 presentibus
623 2359 657 2423 et
680 2352 807 2422 tutam.
830 2354 915 2426 ldest
937 2351 1088 2426 omuibus
1102 2351 1283 2447 hospitibus
1300 2363 1333 2426 et
1348 2356 1561 2430 conmeaditis
1584 2378 1668 2430 cen-

237 2477 307 2550 sitis
329 2497 388 2548 seu
410 2475 495 2546 serbi
517 2475 633 2569 prefati
655 2473 757 2545 vestri
773 2475 961 2546 monasterii
976 2477 1099 2571 ubique
1123 2499 1179 2549 eos
1194 2477 1373 2552 habueritis
1396 2480 1431 2552 iu
1445 2488 1516 2554 toto
1534 2481 1666 2555 ducatui

237 2597 332 2672 istius
354 2607 462 2670 nostm
485 2595 633 2670 uuum.
659 2597 732 2671 Une
754 2617 830 2668 cum
853 2617 974 2668 uxores
989 2606 1022 2670 et
1035 2597 1111 2670 tiliis
1133 2599 1259 2674 filiabus
1281 2627 1406 2680 nunnus
1429 2607 1535 2702 adque
1557 2627 1667 2701 nepo-

237 2725 326 2798 tibus
341 2724 473 2800 illorum
486 2733 520 2797 et
535 2745 611 2797 cum
627 2745 750 2797 omnes.
767 2723 900 2796 illorum
916 2725 1069 2800 fundoras
1086 2735 1120 2799 ct
1134 2728 1229 2800 terris
1244 2751 1302 2804 seu
1317 2733 1452 2828 cespites
1467 2732 1520 2806 vel
1534 2753 1665 2806 omnem

239 2851 538 2926 consuetudinarias
561 2873 710 2926 comoros
733 2860 765 2926 et
788 2853 910 2949 regulis
934 2875 992 2926 seu
1015 2855 1248 2949 responsaticas
1272 2867 1305 2930 et
1327 2858 1474 2953 angarias
1499 2868 1531 2930 et
1546 2861 1665 2932 salutes

235 2986 272 3052 et
295 2998 372 3048 cum
395 2977 546 3050 omnibus
570 2977 787 3052 ediscentibus
809 2988 842 3052 et
865 2977 1098 3073 pertiaenb'bus
1121 2979 1169 3050 eis
1190 2980 1287 3054 simul
1309 2991 1342 3051 ct
1364 3003 1441 3052 cum
1464 3003 1595 3053 omnem
1618 2985 1668 3054 il·

234 3106 351 3178 lorum
380 3115 528 3200 peratum
552 3115 590 3178 et.
613 3104 840 3202 conquesitum
872 3125 937 3201 que
970 3104 1091 3179 hebent
1121 3106 1176 3180 vel
1207 3105 1356 3179 abuerint
1387 3117 1420 3180 et
1451 3131 1517 3204 que
1549 3111 1667 3182 amodo

233 3231 391 3305 inantea
425 3253 538 3326 perere
561 3229 613 3304 vel
635 3231 828 3327 conquirere
859 3229 1025 3326 potuerint
1048 3255 1108 3324 per
1134 3231 1252 3326 quovis
1284 3234 1420 3305 modum
1451 3233 1667 3328 omnibusque

233 3355 284 3430 eis
316 3355 560 3450 pertinentibus.
585 3377 644 3428 sen
666 3355 882 3428 concessimus
905 3367 939 3426 ct
962 3354 1129 3428 nmmos
1162 3353 1255 3428 vobis
1279 3363 1312 3427 ct
1335 3363 1469 3426 omnem
1497 3355 1668 3450 publicum

233 3507 302 3557 una
326 3507 404 3558 cum
427 3507 558 3558 omnem
580 3486 712 3560 licerem
740 3496 773 3562 et
796 3483 1004 3580 pertinentias
1027 3504 1109 3579 quas
1129 3482 1198 3578 ipse
1221 3481 1294 3554 iure
1317 3480 1449 3577 publico
1473 3485 1575 3555 nostri
1598 3483 1666 3557 ha·

232 3614 315 3686 bent
329 3614 382 3688 vel
395 3613 542 3688 obucrint
556 3637 614 3710 per
628 3613 745 3711 qnobis
758 3614 894 3687 modum
910 3613 946 3686 in
960 3613 1148 3687 memoratis
1163 3609 1314 3686 omnibus
1326 3608 1506 3704 hospitibus
1520 3621 1553 3686 et
1567 3634 1664 3690 com-

232 3738 388 3812 menditis
420 3739 548 3812 censitis
583 3747 617 3813 et
648 3737 734 3812 serbi
765 3740 936 3812 memorati
970 3739 1070 3814 vestri
1101 3738 1298 3812 monasterio
1326 3746 1464 3834 quantos
1493 3747 1526 3810 et
1558 3740 1664 3834 qualis

230 3867 336 3940 modo
367 3865 468 3938 abetis
498 3875 554 3939 vet
582 3865 716 3939 abituris
746 3865 872 3938 fueritis
901 3889 960 3962 per
982 3868 1102 3965 quovis
1133 3870 1291 3940 modum:
1322 3879 1355 3943 et
1379 3889 1420 3940 av
1443 3865 1579 3939 odierna
1611 3867 1668 3940 die

232 4003 270 4068 et
294 3994 442 4085 deinceps
465 3992 615 4064 omnibus
638 3993 825 4068 memoratis
847 3993 988 4090 qualiter
1011 3995 1159 4091 superius
1182 3996 1303 4091 legitur
1326 4003 1433 4066 totum
1457 4003 1490 4066 et
1513 3992 1667 4065 inclitum·

221 4145 253 4192 wa
280 4118 375 4191 nobis
400 4119 493 4191 vobis
515 4131 549 4190 ct
570 4141 630 4214 per
652 4140 712 4192 vos
731 4119 766 4190 ia
789 4127 970 4192 memorato
1002 4127 1114 4192 sancto
1137 4129 1172 4194 ot
1193 4121 1372 4195 venerabili
1404 4127 1513 4192 vestro
1536 4135 1663 4191 mone·

230 4246 336 4320 sterio
359 4245 494 4342 eiusque
516 4254 693 4318 memorate
716 4253 822 4318 vestre
849 4245 1111 4342 congregationis
1139 4248 1376 4322 monachorum
1406 4245 1608 4342 presentibus
1631 4255 1664 4317 et

230 4375 355 4449 suturis
377 4374 441 4446 sint
463 4395 651 4446 concessum
674 4383 705 4447 et
730 4373 885 4448 traditum
907 4373 943 4446 in
965 4383 1073 4450 vestra
1095 4377 1318 4472 posterisque:
1348 4373 1464 4448 vestris
1486 4382 1664 4467 sanctoque

230 4513 344 4578 vestro
375 4502 570 4576 monasterio
592 4503 656 4574 sim
683 4511 840 4596 potestate
872 4523 1003 4597 queque
1035 4505 1151 4576 exinde
1184 4507 1292 4575 lacere
1322 4498 1491 4572 volueritis
1525 4495 1663 4570 Mem

228 4649 363 4721 semper
385 4625 528 4698 babeatis
551 4633 719 4720 potestate.
745 4632 779 4696 et
801 4645 983 4720 numquam
1005 4645 1263 4719 presummamus
1285 4645 1346 4694 nos
1360 4633 1418 4695 aut
1432 4623 1567 4720 posteris
1590 4644 1662 4696 no-

229 4755 311 4830 stris
334 4775 394 4826 nec
416 4752 560 4848 qualibet
592 4751 761 4824 easbldata
793 4759 903 4822 nosba
937 4773 1044 4848 neque
1075 4751 1148 4824 vioe
1183 4751 1307 4826 domini
1337 4750 1440 4823 nostri
1471 4771 1531 4824 nec
1554 4751 1661 4824 dicaui

229 4904 346 4978 neque
369 4879 430 4952 alie
453 4880 568 4977 quavis
592 4900 745 4975 personas
761 4877 906 4974 qnalibet
921 4879 1067 4974 angarias
1083 4887 1141 4953 aut
1163 4879 1336 4953 exscatices
1361 4877 1413 4952 vel
1431 4878 1589 4953 erbaticas
1607 4890 1663 4950 ant

229 5007 381 5104 qualibet
404 5009 518 5082 datum
549 5031 656 5104 neque
680 5007 741 5081 alie
765 5007 909 5104 qualibet
941 5007 1070 5081 datione
1094 5015 1151 5082 ant
1174 5007 1276 5142 salute
1303 5031 1440 5104 querere
1469 5007 1509 5083 ad
1533 5007 1579 5081 cis
1602 5027 1661 5099 per
