4900 6528
1412 977 1545 1050 CLXIV.

645 1260 699 1308 nn.
865 1231 897 1327 ¹†
918 1230 955 1304 iu
978 1233 1107 1307 nomine
1129 1233 1252 1307 domini
1276 1233 1521 1329 qucmngesimo
1544 1235 1662 1323 quarto
1678 1249 1764 1300 enno
1783 1225 1979 1322 principatus
1995 1229 2117 1306 domini
2137 1239 2190 1332 gi-

624 1371 710 1432 976.
771 1353 843 1426 sulii
865 1354 998 1450 gloriosi
1021 1356 1175 1452 principis
1200 1363 1233 1426 et
1256 1354 1353 1423 tertio
1378 1371 1463 1424 anno
1487 1350 1685 1448 principatus
1711 1350 1842 1425 domine
1864 1373 1995 1446 gemme
2019 1375 2104 1428 uxor
2119 1359 2187 1432 eius

770 1489 804 1552 et
827 1481 952 1554 domini
974 1449 1104 1573 paldodfi
1127 1480 1237 1568 optato
1260 1473 1328 1548 filio
1354 1497 1470 1550 eurum
1491 1475 1612 1549 mensis
1640 1476 1827 1551 nobembrio
1854 1478 1967 1573 quintu
1999 1479 2185 1556 indictione.

771 1607 914 1700 ideoque
935 1623 998 1710 ego
1021 1600 1073 1670 vir
1095 1597 1227 1671 nominc
1250 1599 1361 1675 cicero
1383 1601 1471 1676 filim
1487 1605 1651 1698 quondum
1679 1603 1819 1698 petride
1844 1603 1974 1678 escle
1991 1605 2075 1679 luuri
2097 1607 2188 1681 Clare

769 1749 822 1798 me
846 1726 929 1795 tacto
951 1729 1025 1794 ante
1048 1721 1218 1818 subscripti
1240 1724 1329 1798 testis
1337 1775 1680 1800 ...............
1682 1726 1793 1798 mitute
1816 1750 1870 1800 me
1894 1729 2009 1802 docere
2033 1753 2191 1824 cognosco

769 1847 878 1918 iulium
880 1893 1126 1918 ...........
1151 1847 1237 1920 unde
1260 1849 1323 1920 nisi
1346 1851 1455 1922 divine
1478 1843 1699 1924 misericordia
1723 1852 1804 1925 mihi
1826 1877 1894 1926 non
1916 1855 2135 1930 ohbinberit..
2150 1909 2184 1928 ..
2236 1885 2238 1889 ’

769 2003 810 2053 ns
832 1979 873 2052 ub
896 2001 934 2052 nc
956 1979 1023 2053 vitu
1047 2001 1100 2051 me
1122 1979 1216 2052 linire
1239 2003 1292 2054 me
1315 1981 1413 2054 credo
1435 1991 1486 2056 set
1507 1986 1582 2057 data
1606 1991 1654 2056 cst
1680 1983 1810 2058 mihin
1836 1985 1969 2058 domino
1993 1987 2192 2081 protectione

770 2131 807 2180 nc
829 2115 917 2179 recta
940 2106 976 2178 in
998 2127 1052 2177 me
1075 2125 1237 2199 cognosco
1260 2105 1359 2181 ubere
1381 2109 1561 2182 morta:
1589 2131 1689 2205 quum
1714 2118 1747 2181 et
1769 2131 1832 2204 ego
1856 2111 1975 2184 mulier
1990 2111 2121 2188 nominc
2137 2112 2194 2183 ia-

770 2235 885 2329 qnintu
907 2233 972 2306 filie
1004 2231 1169 2328 quondum
1201 2232 1324 2302 domim
1346 2231 1486 2327 inquinti
1512 2235 1552 2307 de
1577 2245 1764 2330 npusmoute
1788 2245 1822 2308 et
1844 2259 1932 2311 uxor
1959 2260 2034 2310 sum
2056 2238 2195 2334 predicti

770 2359 869 2432 ciceri
890 2379 1015 2452 nosque
1038 2357 1090 2426 vir
1105 2364 1139 2428 et
1150 2377 1236 2427 uxor
1250 2356 1358 2430 uniter
1373 2367 1407 2429 ct
1422 2366 1519 2454 utque
1542 2361 1768 2432 cummuniter.
1782 2360 1969 2434 offeruimus
1991 2387 2054 2456 pro
2078 2387 2197 2436 reme·

770 2489 862 2561 dium
884 2483 995 2558 salutis
1014 2483 1118 2588 enimc
1141 2491 1251 2556 nostre
1273 2487 1456 2560 terrarehm
1478 2496 1586 2558 nostru
1610 2509 1675 2582 que
1698 2490 1785 2560 enim
1807 2487 1939 2560 abemus
1969 2491 2005 2562 in
2037 2491 2197 2563 liciuiunn

770 2635 869 2710 Qum
892 2621 927 2686 et
951 2637 1013 2709 ego
1036 2611 1176 2686 vessullu
1202 2621 1236 2684 et
1266 2636 1329 2709 ego
1353 2617 1450 2688 sanda
1477 2613 1595 2688 mulier
1619 2613 1719 2709 ipsius
1742 2616 1877 2688 vassalli.
1909 2625 1943 2688 et
1965 2639 2028 2710 ego
2052 2617 2199 2690 iohanne

770 2743 916 2838 germani
940 2741 999 2816 filii
1020 2744 1159 2838 desuper
1181 2741 1347 2816 nominato
1369 2742 1461 2836 petri
1485 2761 1586 2838 qnam
1608 2740 1694 2814 clero
1717 2763 1777 2812 nos
1808 2741 1949 2814 tacimus
1971 2742 2025 2814 vir
2047 2751 2081 2814 et
2103 2767 2190 2818 uxor

769 2877 804 2938 et
826 2889 888 2962 ego
910 2866 1049 2938 iohanne
1073 2873 1146 2940 ente
1168 2865 1339 2961 subscripti
1361 2865 1450 2938 testis
1474 2864 1534 2936 ube
1546 2885 1656 2938 remus
1682 2861 1778 2937 rebus
1797 2863 1833 2936 in
1846 2865 2030 2960 supradicto
2052 2867 2125 2940 loco
2145 2869 2191 2941 li-

771 2994 898 3068 ciuium
921 2992 1038 3068 linibus
1060 3016 1210 3066 sornenm
1233 3002 1266 3064 et
1290 2991 1375 3066 sicut
1390 2991 1485 3066 nobis
1499 3013 1682 3086 congruum
1696 3015 1765 3066 csse
1778 2993 1908 3064 uidetur
1927 3016 1988 3086 pro
2005 2993 2188 3069 senadern

772 3117 881 3192 anime
913 3125 1023 3190 nosue
1055 3115 1255 3190 ufferibimus
1287 3115 1324 3190 in
1348 3115 1481 3191 ecclesio
1507 3114 1704 3188 vocobulum
1726 3115 1779 3190 dci
1801 3113 1966 3208 genitricis
1996 3123 2030 3186 et
2051 3117 2187 3214 virginis

770 3244 874 3318 muris
896 3267 963 3340 que
985 3245 1046 3318 situ
1068 3251 1117 3317 cst
1138 3245 1174 3318 in
1196 3245 1344 3340 speluocn
1365 3243 1403 3318 in
1425 3251 1538 3320 monte
1560 3243 1694 3318 bonici
1719 3242 1776 3318 uui
1800 3265 1887 3314 nunc
1908 3243 2007 3318 modo
2041 3245 2191 3318 dominus

770 3373 915 3470 Spnreno
937 3393 1026 3447 secer
1048 3381 1082 3447 ct
1103 3373 1212 3447 nmilis
1235 3373 1332 3446 nbbus
1355 3375 1502 3470 regimen
1527 3379 1615 3448 tcuct
1637 3395 1679 3444 uc
1702 3378 1751 3444 est
1774 3369 1878 3466 itegrc
1907 3371 2057 3444 sortiunis
2079 3379 2189 3446 nostm

773 3500 816 3574 dc
837 3501 1019 3576 tenmebus
1041 3509 1149 3574 nostre
1172 3501 1208 3574 in
1233 3501 1417 3596 supradicto
1440 3502 1550 3576 locum
1572 3521 1649 3574 cnm
1670 3497 1826 3574 custnueis
1855 3507 1890 3570 et
1909 3498 2044 3572 imitetis
2067 3506 2102 3572 et
2115 3499 2185 3572 uli·

765 3627 850 3707 rens
872 3651 971 3726 quem
993 3629 1086 3702 nobis
1117 3631 1176 3726 qni
1206 3651 1304 3724 supra
1329 3627 1428 3700 decri
1450 3637 1484 3702 et
1505 3626 1631 3700 vassalli
1654 3636 1688 3700 ct
1710 3625 1850 3700 iohanni
1873 3625 2020 3720 germani
2051 3628 2189 3721 pertinet

768 3771 828 3847 per
849 3755 1081 3829 successionem
1103 3752 1276 3848 supradicti
1297 3752 1437 3850 genitori
1466 3761 1577 3826 nostro
1600 3761 1650 3826 set
1673 3752 1748 3826 ideo
1771 3775 1832 3846 pro
1859 3749 2046 3824 saltationis
2077 3751 2183 3826 anime

771 3883 881 3948 nostre
904 3877 940 3948 in
961 3877 1126 3974 integrum
1147 3878 1281 3974 ipseque
1303 3884 1412 3951 nosue
1434 3877 1585 3950 sortionis
1617 3879 1654 3948 in
1684 3877 1807 3971 prolatu
1834 3873 1967 3948 ecclesia
1991 3873 2182 3950 offeruimus

769 4007 804 4071 nt
824 4021 950 4095 semper
972 4027 1028 4076 eus
1045 4006 1177 4082 ubendo
1200 4005 1398 4080 dominundu
1427 4013 1461 4080 ct
1484 4005 1693 4100 iruginndum
1717 4005 1859 4100 prodictu
1893 4001 2027 4076 eccle'oiu
2056 4011 2090 4078 et
2114 4005 2184 4078 eius

768 4127 948 4200 rectoribus
970 4133 1057 4204 uude
1078 4155 1140 4226 pro
1161 4131 1415 4206 stabiliscendum
1436 4140 1470 4205 et
1491 4132 1744 4206 confirmandam
1764 4155 1807 4204 cx
1822 4153 1861 4202 uc
1883 4138 1993 4204 nostru
2015 4131 2186 4206 offusione

767 4251 882 4346 primis
904 4251 1051 4326 omnium
1081 4255 1312 4350 imputabimus
1343 4282 1363 4328 n
1395 4278 1456 4330 uos
1477 4253 1572 4328 nobis
1594 4255 1710 4328 sanctis
1738 4254 1853 4329 uestris
1875 4253 2076 4326 orationibus
2098 4273 2189 4350 qno-

765 4397 870 4474 usquo
892 4381 991 4455 modo
1013 4381 1106 4456 nobis
1128 4385 1241 4458 onustis
1264 4395 1298 4460 et
1320 4384 1357 4456 in
1379 4393 1472 4458 enter
1487 4383 1603 4457 orandi
1619 4382 1730 4457 essetis
1744 4390 1856 4456 tumen
1872 4402 1932 4454 nus
1947 4381 2090 4477 predicto
2104 4399 2185 4454 mu-

642 4509 644 4514 ’
767 4503 857 4580 lieris
879 4506 1012 4605 ipseque
1034 4517 1142 4586 nostre
1165 4511 1317 4584 sortionis
1347 4511 1437 4610 qrrod
1462 4517 1511 4586 cst
1533 4517 1682 4607 querum
1712 4517 1839 4607 purtem
1861 4511 1903 4584 do
1927 4510 1997 4604 ipsu
2018 4530 2069 4586 res
2095 4507 2185 4606 quod

591 4633 594 4644 '
768 4629 810 4702 uls
832 4633 896 4728 ipsi
917 4635 982 4704 viri
1011 4639 1113 4710 nostri
1145 4639 1262 4712 enimse
1294 4635 1448 4710 ebmmus
1471 4635 1534 4708 alin
1558 4636 1611 4710 dic
1634 4635 1823 4732 nuptiarum
1846 4643 1955 4710 nostre
1987 4633 2189 4730 copuletione

765 4753 803 4826 5¹¹
824 4757 946 4848 Plestia
967 4759 1099 4832 ecclesie
1123 4763 1313 4858 offeruimus
1336 4789 1394 4860 per
1418 4785 1621 4840 comensem.
1649 4778 1680 4836 ct
1701 4765 1859 4838 eduntote
1877 4763 2025 4860 ipsomm
2041 4761 2106 4836 uiri
2122 4783 2187 4834 uo·

770 4879 831 4952 stri
852 4881 889 4954 in
911 4879 1004 4954 cuius
1026 4887 1196 4958 mundium
1226 4911 1286 4960 nos
1312 4890 1417 4963 iucem
1447 4893 1617 4966 credimus.
1648 4893 1774 4964 luteres
1798 4911 1857 4964 uus
1882 4889 2040 4964 nominati
2064 4887 2184 4962 viriet

765 5011 864 5086 uxori
886 5011 922 5086 in
945 5011 1109 5108 integrum
1131 5014 1321 5088 umentibus
1344 5018 1510 5091 nominem
1534 5019 1650 5092 eudem
1672 5041 1743 5092 rem
1758 5041 1859 5116 quum
1880 5017 2057 5114 prelegitur
2072 5017 2108 5090 in
2123 5033 2186 5090 tu·

1135 5287 1150 5364 t
