4876 6532
1419 629 1435 720 (
1464 627 1572 721 ltu)

783 793 897 879 uestris
921 791 1035 902 grades
1057 792 1162 864 iecere
1185 786 1354 861 volueritis
1377 785 1539 858 licentiam
1562 783 1682 857 abeatis
1706 807 1725 854 a
1749 782 1904 879 perte'de
1919 793 2135 858 memoratum
2153 783 2210 858 ni·

782 940 858 988 cum
881 917 1046 1013 pubiicum
1084 922 1118 986 et
1147 913 1268 985 [sciatis
1290 912 1384 986 uobis
1408 935 1426 982 e
1450 921 1542 1019 purte
1565 909 1605 982 dc
1629 909 1738 1004 ipsum
1760 908 1870 980 hicum
1894 917 2002 1002 portus
2025 909 2123 1004 quale
2140 933 2208 982 vo·
2333 929 2337 938 ·

784 1043 834 1114 bis
857 1041 1037 1136 placuerit:
1069 1039 1147 1134 quia
1169 1038 1217 1109 sic
1240 1038 1347 1109 novis
1367 1035 1549 1109 combenitt
1586 1034 1614 1104 si
1638 1043 1749 1105 numm
1780 1032 1873 1106 aliter
1895 1034 2067 1108 fecerimus
2088 1040 2132 1110 de
2155 1037 2206 1111 his

785 1170 936 1244 omnibus
955 1167 1140 1242 memoretis
1163 1167 1362 1262 per„quovis
1386 1165 1521 1237 modum
1544 1173 1600 1234 eut
1623 1161 1801 1234 summissis
1833 1161 1979 1254 per-sonis
2008 1156 2086 1234 tun'c
2108 1186 2207 1238 cem.

786 1297 938 1390 ponimus
961 1293 1021 1364 nos
1044 1303 1077 1364 ot
1097 1289 1272 1363 heredibus
1304 1287 1421 1362 nostris
1445 1285 1541 1358 vobis
1554 1280 1556 1286 ’
1571 1284 1752 1381 vestrisque
1784 1284 1958 1358 heredibus
1989 1287 2063 1359 nuri
2094 1288 2212 1362 solidos

786 1423 957 1496 duodecim
980 1419 1160 1513 bytinnteos
1182 1425 1216 1487 et
1239 1416 1300 1485 hcc
1323 1413 1470 1490 uirtute
1492 1413 1686 1487 venditionis
1713 1423 1750 1486 ut
1774 1435 1873 1509 super
1907 1407 2026 1509 iegitur
2048 1415 2091 1488 sit
2116 1417 2210 1492 dnm

787 1551 903 1643 scripto
927 1565 985 1638 per
1007 1561 1105 1610 menu
1129 1539 1215 1610 leoni
1237 1539 1386 1634 scriptori
1410 1541 1570 1638 discipulo
1584 1541 1873 1614 dominiiohnnn'us
1887 1542 2038 1616 nnunrii
2053 1567 2111 1639 per
2132 1567 2211 1618 ne-

790 1681 913 1743 morete
936 1663 1047 1735 oetam
1071 1663 1247 1736 indictione
1260 1662 1293 1757 †
1307 1661 1370 1734 hoc
1386 1664 1514 1758 signum
1529 1662 1561 1759 †
1577 1684 1692 1736 mensu
1714 1665 1887 1736 memorati
1912 1667 2056 1760 gregorii
2080 1677 2113 1738 et
2134 1689 2224 1751 nuez
2299 1648 2307 1664 ⁶

785 1803 913 1867 morata
929 1789 1039 1860 urania
1061 1788 1125 1860 nse
1155 1797 1203 1860 est
1226 1787 1348 1881 iugales
1371 1789 1462 1883 quod
1482 1811 1545 1882 ego
1562 1789 1628 1884 ¹(pri
1651 1799 1846 1862 mmoretoe
1868 1789 1910 1860 eb
1932 1790 1979 1862 eis
2002 1789 2128 1884 rogitus
2152 1813 2217 1885 pro

791 1919 838 1990 eis
853 1915 1025 2009 subscripsi
1040 1923 1073 1988 et
1095 1889 1292 1984 memoratos
1315 1911 1434 1984 solidos
1457 1912 1624 1986 consessus
1647 1913 1826 2008 percepisse
1849 1910 1881 2008 †

889 2041 1005 2138 †ego
1028 2039 1173 2112 marinus
1196 2037 1283 2111 filius
1314 2039 1438 2112 domini
1469 2040 1569 2134 sergii
1599 2039 1750 2128 monachi
1784 2051 1917 2136 rogetus
1941 2067 1960 2114 e
1981 2043 2213 2138 mprncriptos

784 2173 918 2268 iugales
941 2171 1014 2244 testi
1034 2166 1210 2262 subscripsi
1234 2176 1267 2240 et
1290 2169 1525 2263 suprascriptos
1547 2169 1666 2242 solidos
1688 2171 1853 2242 coufessus
1876 2170 2053 2264 percepisoe
2076 2167 2107 2262 †

888 2297 1005 2392 †ego
1028 2293 1182 2366 mounes
1207 2291 1293 2364 filiun
1316 2293 1439 2366 domini
1462 2293 1546 2386 petri
1561 2305 1727 2388 rogetuse
1750 2295 1982 2390 suprnecriptos
2004 2294 2126 2392 iugules
2141 2295 2213 2370 testi

777 2425 969 2519 'subscnpsi
991 2434 1023 2493 et
1036 2421 1278 2514 ,suprascriptos
1301 2421 1420 2493 solidos
1443 2423 1606 2492 confessus
1627 2421 1805 2515 percepisse
1828 2419 1860 2516 †
1891 2439 1894 2447 ·

892 2551 923 2646 -Ι-
945 2573 1007 2644 ego
1030 2549 1172 2620 stefanus
1194 2547 1280 2620 iilius
1302 2547 1425 2620 domini
1447 2547 1605 2620 theodosii
1629 2547 1750 2624 tribuni
1773 2558 1907 2641 rogetus
1933 2573 1957 2620 ‚e
1980 2549 2210 2644 suprascriptos

635 2781 638 2792 Ι
787 2682 922 2773 'iugales
938 2676 1016 2750 'testi
1039 2675 1213 2770 subscripd
1230 2684 1269 2748 et
1291 2675 1521 2770 superscriptos
1541 2675 1662 2748 soiidos
1684 2675 1846 2746 censemus
1869 2676 2048 2770 pemep'nse
2072 2674 2103 2770 †

849 2861 859 2878 .
894 2801 925 2896 †
948 2803 1020 2895 Ego
1042 2800 1094 2871 leo
1117 2797 1255 2872 Coriolis
1277 2799 1402 2872 dudum
1425 2799 1581 2894 scriptore
1597 2809 1668 2893 post
1684 2799 1950 2894 subscriptionem
1963 2802 2096 2875 testium
2111 2801 2214 2876 Corn.

802 2934 890 3030 pieri
912 2941 946 3005 et
969 2927 1089 3002 absolui
1111 2949 1170 3024 per
1192 2926 1252 3002 istu
1276 2927 1310 3001 in
1333 2952 1399 3025 qun
1422 2949 1532 3004 sumus
1554 2928 1648 3002 erm
1671 2927 1795 3003 decime
1819 2927 1994 3002 indictione
2018 2927 2050 3023 †
