4900 6528
1372 658 1386 754 (
1412 659 1514 757 sos)

733 826 869 919 strisque
892 819 1063 895 heredibus
1086 821 1157 892 auri
1181 819 1298 892 solidos
1321 818 1452 913 triginta
1467 841 1524 892 sex
1541 815 1744 913 bythianteos
1769 815 1885 890 etheo
1909 807 2058 892 chartula
2075 841 2162 896 ven-

735 951 863 1020 ditionis
888 959 923 1020 ut
947 969 1042 1042 super
1066 946 1184 1039 legitur
1208 946 1249 1018 sit
1273 947 1365 1018 firma
1389 946 1507 1040 scripta
1530 967 1589 1040 per
1613 966 1726 1015 manus
1750 942 1832 1038 petri
1856 943 1993 1016 Curialis
2017 947 2158 1022 scribere

734 1079 848 1169 rogavi
872 1090 904 1148 et
928 1085 1022 1148 testes
1045 1087 1083 1148 ut
1105 1075 1340 1148 subscriberent
1362 1085 1493 1168 rogatus
1516 1097 1573 1168 per
1586 1082 1763 1145 memorata
1787 1071 1923 1165 septima
1938 1071 2161 1170 indictione†

837 1209 909 1276 Hoc
932 1207 1060 1300 signum
1085 1203 1116 1298 †
1139 1227 1254 1276 manus
1286 1211 1462 1274 memorata
1486 1199 1570 1270 bona
1594 1221 1670 1270 cum
1693 1219 1850 1298 consensu
1881 1202 2160 1295 momoraupetri

741 1336 803 1406 viri
829 1338 880 1408 sui
905 1337 994 1430 quod
1017 1359 1079 1427 ego
1102 1335 1159 1425 qui
1184 1339 1378 1401 memoratos
1402 1327 1443 1396 ab
1465 1349 1538 1398 eam
1561 1333 1694 1420 rogatus
1710 1347 1770 1420 pro
1791 1326 1838 1397 eis
1853 1327 2024 1419 subscripsi
2037 1339 2068 1398 et
2085 1351 2161 1400 me-

744 1465 860 1534 morati
884 1463 945 1533 tari
969 1462 1130 1530 consessus
1154 1455 1332 1549 percepisse
1355 1454 1387 1548 †

839 1594 955 1684 †ego
978 1589 1030 1655 beo
1054 1583 1138 1654 filius
1163 1583 1284 1654 donnini
1318 1585 1460 1678 gregorii
1485 1593 1617 1678 rogatus
1641 1609 1659 1656 a
1683 1585 1913 1678 suprascriptos
1946 1585 2069 1678 iugstes
2094 1589 2167 1662 testi

745 1716 919 1808 subscripsi
943 1723 977 1783 et
999 1712 1207 1806 suprascripti
1230 1713 1293 1782 tari
1316 1713 1473 1784 confiteor
1496 1715 1674 1808 percepisse
1697 1713 1728 1810 †

837 1835 870 1932 †
892 1859 954 1930 ego
976 1836 1101 1928 sergius
1117 1834 1202 1906 filius
1220 1836 1343 1908 domini
1358 1836 1506 1910 theodori
1530 1848 1695 1930 rogatura
1711 1841 1940 1934 suprascriptos
1956 1841 2078 1938 iugales
2094 1843 2169 1916 testi

746 1967 918 2061 subscripsi
942 1975 977 2036 et
997 1963 1203 2058 suprascripti
1228 1963 1289 2034 tari
1312 1963 1469 2037 confiteor
1492 1967 1672 2061 percepisse
1695 1967 1726 2062 †

841 2092 873 2186 †
896 2115 957 2184 ego
981 2089 1154 2160 anastasius
1178 2087 1263 2160 filius
1286 2091 1410 2162 domini
1434 2091 1582 2162 iohannis
1604 2101 1772 2186 rugulusu
1799 2095 2030 2192 suprascriptos
2051 2093 2173 2192 iugales

750 2221 824 2294 testi
847 2215 1019 2310 subscripsi
1043 2225 1076 2286 et
1098 2215 1305 2310 suprascripti
1330 2217 1393 2286 tari
1417 2217 1574 2291 confiteor
1597 2219 1774 2314 percepisse
1799 2219 1831 2314 †

844 2342 876 2438 †
901 2337 971 2436 ligo
985 2347 1095 2436 petrus
1109 2339 1246 2412 (luridis
1261 2341 1319 2438 qui
1334 2352 1530 2416 memoratos
1553 2353 1625 2438 post
1645 2343 1912 2442 subscriptionem
1929 2347 2058 2426 testium
2076 2345 2179 2420 Cosu-

752 2471 838 2568 pleri
861 2479 894 2546 et
917 2469 1038 2550 absolvi
1061 2491 1120 2566 per
1143 2477 1320 2548 memorata
1342 2473 1477 2568 septima
1500 2470 1673 2547 indictione
1696 2470 1727 2565 †
