4854 6528
914 617 930 704 (
958 625 1019 684 171
1048 617 1060 711 )

282 789 370 852 nesta
387 777 522 850 -lemina
554 796 629 847 eum
661 775 837 846 volumtate
860 776 1030 846 memorati
1057 777 1168 848 domni
1190 777 1335 872 stephani
1359 784 1422 856 riri
1446 787 1511 858 mei
1534 811 1638 884 neque
1662 815 1679 859 a

278 905 358 978 meis
381 904 553 978 heredibus
577 903 668 974 nullo
691 911 836 996 tempore
857 925 1037 997 numquam
1060 924 1125 994 vos,
1142 917 1340 979 memoratus
1367 913 1517 984 dominus
1531 917 1687 990 iohannes

273 1030 464 1106 venerabilis
478 1033 649 1128 igumenus
666 1039 721 1100 aut
736 1030 871 1123 posteris
886 1031 1000 1103 vestris
1018 1053 1077 1103 nec
1092 1043 1290 1104 memoratus
1308 1045 1436 1108 sanetus
1451 1049 1484 1110 et
1498 1045 1688 1117 venerabihs

272 1159 378 1232 hester
400 1159 613 1232 monasterius
636 1159 726 1254 quod
749 1157 833 1230 absit
855 1157 1000 1232 habeatis
1023 1159 1141 1231 exinde
1156 1157 1329 1266 aliquando
1345 1184 1552 1258 quacumque
1569 1171 1687 1265 requi.

269 1288 421 1362 sitionem
444 1299 499 1358 aut
521 1287 667 1359 molestia
703 1309 762 1382 per
796 1285 926 1360 nullum
949 1289 1084 1363 modum
1107 1309 1166 1360 nec
1189 1311 1247 1380 per
1270 1287 1449 1360 summissis
1473 1299 1617 1384 personis
1642 1297 1685 1368 be

269 1439 355 1488 nunc
378 1426 412 1486 et
434 1415 644 1510 imperpetuis
666 1413 876 1508 temporibus.
898 1425 1030 1509 propter
1054 1415 1144 1508 quod
1167 1416 1208 1486 ad
1232 1417 1337 1486 vicem
1361 1418 1396 1487 in
1420 1403 1681 1494 commutationis

267 1541 646 1638 recompensationisque.
664 1541 770 1633 accepi
786 1565 804 1609 a
820 1541 911 1612 vobis
925 1541 989 1612 hoc
1005 1547 1053 1612 est
1069 1549 1247 1612 memorata
1263 1543 1389 1635 integra
1412 1543 1530 1636 petiole
1547 1546 1586 1616 de
1603 1557 1685 1620 terra

267 1681 374 1743 restra
390 1691 454 1740 una
472 1692 547 1742 cum
562 1667 679 1740 holibis
694 1669 752 1764 qui
768 1667 888 1738 ibidem
903 1677 977 1742 sunt
992 1667 1088 1738 simul
1103 1689 1178 1740 cum
1200 1669 1368 1764 introitum
1393 1693 1488 1741 suum
1513 1675 1686 1746 omnibus-

266 1818 343 1890 que.
358 1795 419 1866 siri
434 1793 664 1888 pertinentibus
678 1794 736 1887 qui
750 1815 810 1864 vos
825 1793 930 1886 tetigit
944 1817 964 1862 a
979 1813 1032 1862 me
1047 1792 1116 1886 ipsa
1130 1800 1163 1863 et
1178 1791 1218 1862 ab
1234 1793 1379 1887 ipsorum
1393 1793 1508 1866 ceteris
1523 1799 1688 1869 consorti-

260 1916 325 1996 bus
355 1919 472 1994 nostris
495 1929 528 1992 et
551 1919 643 1991 vobis
667 1919 804 2014 pertinet
827 1941 887 2011 pro
911 1917 1078 1990 offertione
1111 1917 1317 2011 aquondam
1348 1919 1480 1991 domino
1507 1942 1585 1992 urso
1616 1918 1685 1994 thio

212 2047 216 2055 '
267 2071 354 2124 meo.
379 2049 558 2124 Ceherente
581 2050 644 2121 sivi
669 2074 688 2119 a
711 2057 802 2142 parte
825 2047 981 2120 horieutis
1005 2055 1038 2117 et
1061 2048 1297 2139 septemtrionis
1320 2058 1405 2118 terra
1429 2049 1571 2142 portioni
1595 2073 1687 2120 meae

266 2187 300 2250 et
323 2203 342 2247 a
365 2185 455 2270 parte
478 2173 674 2246 hoccidentis
698 2183 784 2242 terra
807 2172 937 2277 domiue
961 2171 1200 2264 rodelgrimme.
1218 2197 1237 2238 a
1254 2173 1430 2242 meridiana
1444 2197 1576 2268 quoque
1593 2186 1682 2268 parte

266 2309 445 2375 memorata
468 2299 531 2370 uia.
554 2299 640 2370 uude
663 2295 745 2368 nihil
768 2295 861 2368 robis
884 2297 971 2368 intus
994 2305 1187 2366 memoratas
1210 2293 1410 2366 coherentias
1434 2297 1620 2368 reserhastis
1634 2299 1683 2368 ei·
1814 2321 1817 2326 ·

270 2431 338 2502 cuti
360 2438 393 2502 et
417 2427 585 2523 quomodo
608 2445 680 2496 mea
702 2422 845 2494 eontinet
867 2422 1013 2492 chartula
1036 2422 1297 2494 commutationis
1322 2445 1387 2516 quc
1407 2445 1554 2494 roseum
1570 2435 1686 2494 cuncta

266 2569 372 2632 restra
395 2553 644 2648 congregatione
667 2549 901 2622 monachorum
923 2548 1006 2618 mihi
1030 2551 1146 2621 exinde
1169 2551 1288 2622 lecistis
1312 2550 1347 2622 iu
1370 2573 1500 2624 omnem
1525 2553 1685 2625 decisione

264 2709 323 2757 eeu
347 2682 609 2756 deliberationem
644 2677 868 2752 tantummodo
899 2676 1000 2784 stetit·
1020 2674 1112 2746 nobis
1138 2687 1174 2744 ut
1197 2675 1230 2744 si
1249 2678 1367 2770 quovis
1392 2673 1536 2772 tempore
1569 2679 1684 2772 quavis

261 2835 400 2906 persona
424 2833 466 2882 ex
489 2809 567 2903 ipsis
590 2806 790 2877 consortibus
812 2805 929 2875 nocuis
953 2803 1108 2898 quesierit
1130 2804 1278 2896 portione
1302 2805 1422 2876 habere
1450 2807 1485 2876 iu
1507 2813 1686 2876 memorata

258 2937 450 3035 pischinella
475 2947 507 3006 et
530 2958 588 3006 vos
612 2935 727 3006 exinde
751 2933 888 3004 vincerit
913 2941 990 3001 tunc
1013 2953 1076 3022 ego
1099 2939 1132 3002 et
1154 2931 1290 3001 heredes
1314 2931 1393 3000 meis
1410 2931 1568 3001 indemnis
1584 2939 1617 3001 et
1638 2951 1687 3000 se·

257 3070 349 3142 curis
373 3065 488 3138 exinde
511 3081 697 3134 maneamus
719 3061 851 3154 insuper
874 3059 960 3132 stetit
976 3058 1075 3132 uobis
1100 3066 1137 3127 ut
1160 3058 1357 3152 quandoque
1389 3077 1451 3148 ego
1474 3065 1530 3126 aut
1544 3057 1679 3128 heredes

257 3197 343 3267 meis
376 3190 591 3264 direxerimus
619 3207 680 3282 pro
709 3195 855 3280 tempore
883 3186 918 3258 in
941 3192 1122 3257 memorato
1156 3183 1230 3254 loco
1263 3181 1449 3254 hominibus
1480 3182 1599 3253 nostris
1636 3185 1677 3252 ad

256 3321 478 3417 colligendum
513 3316 631 3395 holiris
665 3313 782 3386 uoshis
815 3322 849 3384 et
882 3319 960 3384 tune
975 3389 980 3404 ¹
997 3331 1055 3380 vos
1089 3319 1144 3378 aut
1180 3309 1315 3404 posteris
1351 3309 1465 3378 restris
1504 3308 1683 3379 habueritis
1747 3306 1748 3310 ’

257 3469 363 3548 aquas
385 3448 431 3518 =in
461 3444 606 3540 pisehina
640 3451 747 3515 restra
770 3449 848 3510 tunc
871 3439 912 3507 ad
937 3437 983 3506 eis
1018 3435 1136 3506 exinde
1160 3435 1236 3504 dare
1268 3433 1409 3504 debeatis
1444 3441 1602 3525 quantum
1638 3435 1681 3504 ad

262 3577 313 3646 eie
343 3593 508 3646 necessum
541 3569 640 3641 luerit
663 3569 765 3640 donec
797 3563 844 3634 ibi
867 3561 987 3643 luerint
1012 3560 1052 3630 ad
1084 3555 1302 3648 colligendum
1334 3555 1402 3647 ipse
1427 3553 1521 3624 olibis
1549 3556 1677 3626 nostris.

258 3699 349 3784 Quia
373 3698 418 3767 ita
440 3695 525 3766 inter
552 3693 647 3764 nobis
680 3687 866 3759 combenit:
893 3684 928 3753 Si
962 3692 1071 3752 autem
1103 3701 1165 3772 ego
1196 3685 1254 3746 aut
1286 3677 1420 3748 heredes
1450 3677 1532 3746 meis
1563 3680 1681 3771 quovis

255 3836 406 3920 tempore
429 3829 541 3892 contra
564 3820 648 3890 hauc
671 3813 848 3884 chartulam
872 3806 1134 3881 commutationis
1157 3815 1195 3875 ut
1218 3827 1316 3898 super
1338 3803 1457 3896 legitur
1473 3805 1584 3874 venire
1602 3827 1680 3898 pre-

254 3948 469 4028 sumserimus
492 3955 525 4016 et
547 3944 583 4014 iu
606 3940 732 4036 aliquid
755 3936 866 4010 offensi
891 3936 1049 4007 fuerimus
1066 3957 1125 4028 per
1146 3933 1264 4028 quovis
1280 3931 1416 4002 modum
1431 3941 1488 4002 aut
1500 3932 1680 4004 summissis

256 4093 422 4172 personas.
443 4079 521 4144 tuuc
544 4063 770 4159 componimus
800 4059 893 4130 vobis
922 4057 1133 4152 posterisque.
1159 4056 1275 4130 restris
1299 4063 1546 4149 memoratoque
1568 4065 1680 4127 smeto

131 4239 133 4242 ·
258 4213 293 4276 et
315 4195 490 4276 venerabili
513 4205 622 4268 vestro
636 4187 832 4265 monasterio
848 4185 920 4258 auri
944 4185 1062 4258 sohdos
1085 4183 1201 4278 viginti
1215 4181 1429 4278 bythiauteos.
1445 4193 1478 4254 et
1492 4179 1553 4252 hec
1577 4182 1679 4253 char'-

256 4331 327 4405 tula
360 4325 500 4424 qualiter
532 4321 676 4399 condnet
711 4319 805 4390 firma
835 4319 1023 4408 permaneat
1053 4311 1305 4405 imperpetuum.
1338 4308 1457 4402 scripta
1480 4329 1539 4400 per
1561 4331 1677 4382 manus

257 4457 390 4532 iohanni
422 4453 552 4526 curialis
581 4449 720 4523 scribere
743 4444 932 4536 rogavimus
955 4463 1013 4534 per
1036 4440 1210 4512 indictione
1232 4442 1409 4508 memorata
1433 4435 1624 4508 duodecima
1647 4435 1679 4530 †

258 4602 292 4665 et
314 4587 378 4658 hoc
401 4581 572 4655 memorati
595 4597 708 4648 sumus
738 4583 777 4642 ut
810 4571 907 4642 licem
929 4591 983 4640 me
1007 4577 1040 4640 et
1061 4567 1195 4639 heredes
1218 4564 1299 4636 meis
1324 4567 1429 4636 lacere
1451 4586 1619 4637 macerare
1642 4565 1676 4636 in

257 4717 387 4793 oliarias
409 4717 532 4783 vestras
556 4706 637 4776 dum
660 4723 714 4772 ees
735 4699 782 4770 ihi
806 4695 983 4767 habueritis
1014 4717 1126 4768 omnes
1155 4691 1256 4764 olibas
1279 4693 1425 4786 proprias
1447 4703 1572 4766 nostras
1596 4715 1675 4788 quas

258 4843 303 4916 ibi
326 4834 536 4909 hahuerimus
560 4831 601 4900 ad
624 4826 715 4898 omni
739 4834 849 4896 nostro
873 4821 1032 4914 expendis
1065 4829 1098 4889 et
1128 4817 1251 4890 nullam
1274 4816 1367 4890 nobis
1390 4819 1509 4890 exinde
1531 4821 1674 4915 queratis

259 4969 370 5042 tollere
393 4985 454 5035 ros
477 4967 534 5030 aut
557 4955 694 5050 posteris
718 4951 833 5023 restris
856 4946 947 5018 omni
970 4967 1088 5018 annuo.
1111 4953 1144 5015 et
1167 4944 1195 5016 si
1220 4945 1312 5018 aliter
1335 4945 1473 5018 feceritis
1490 4947 1525 5017 iu
1542 4967 1674 5018 memo-

258 5105 326 5166 rata
350 5111 454 5186 poena
478 5081 667 5159 subiacentis
691 5075 722 5170 †
