4954 6532
1431 657 1532 755 (⁸)

1428 939 1525 1012 LIV.

652 1210 704 1257 eu.
862 1185 903 1278 '†
924 1186 962 1254 tu
984 1184 1115 1256 nomine
1138 1183 1262 1255 domini
1286 1185 1338 1258 dei
1361 1182 1528 1254 salvatoris
1550 1181 1653 1252 nostri
1674 1179 1768 1252 itresu
1791 1177 1903 1250 christi
1929 1179 2119 1273 impetente
2137 1181 2193 1254 do·

638 1317 722 1381 949.
776 1316 866 1385 mino
900 1321 1010 1384 nostro
1035 1312 1242 1384 monnone
1265 1334 1383 1404 magno
1406 1309 1598 1402 imperatore
1622 1329 1711 1379 suno
1734 1309 1980 1403 quadragesimo
2003 1307 2110 1402 primo
2137 1314 2192 1384 sed

776 1448 808 1504 et
842 1459 978 1506 romano
1012 1437 1133 1529 magno
1160 1433 1355 1527 imperitore
1379 1432 1449 1505 eius
1473 1431 1541 1510 titio
1565 1453 1651 1502 enno
1673 1441 1792 1526 qrrrrto
1815 1431 1868 1504 die
1890 1430 2052 1504 trioesima
2074 1431 2211 1503 mensis.

777 1559 859 1632 iunii
881 1558 1055 1632 indictione
1078 1559 1213 1652 septima
1235 1556 1387 1650 neapoli:
1413 1554 1546 1636 Certum
1569 1565 1618 1628 est
1639 1577 1693 1634 me
1713 1554 1814 1626 moria
1836 1553 1971 1626 honesto
1993 1557 2110 1628 femine
2128 1555 2194 1626 fitia

777 1691 909 1782 quidem
942 1685 1067 1760 domini
1098 1683 1243 1780 gregorii
1276 1680 1427 1756 monachi
1459 1683 1518 1779 qui
1550 1703 1648 1777 super
1677 1705 1797 1756 nomen
1819 1682 1940 1756 sillicti.
1968 1683 2051 1754 Cum
2073 1683 2194 1754 uolun-

775 1823 841 1883 tote
864 1813 1005 1903 presenti
1029 1811 1153 1884 domiui
1176 1811 1323 1906 gregorii
1345 1809 1410 1881 viri
1433 1810 1523 1884 urei:
1549 1811 1579 1881 Α
1602 1809 1746 1903 presenti
1769 1809 1823 1881 dio
1838 1807 2054 1904 promtissime
2067 1808 2192 1880 volun-

777 1947 842 2008 tate
864 1937 1046 2008 venundedi
1069 1947 1102 2009 et
1124 1939 1242 2009 tradidi
1265 1935 1326 2009 tibi
1347 1936 1522 2009 iohannem
1546 1937 1653 2018 iseluo
1677 1936 1744 2007 titio
1766 1937 1899 2031 quidem
1914 1937 2083 2030 gregoriis
2101 1937 2193 2010 rnen

775 2060 898 2152 integre
933 2057 1089 2150 portione
1124 2081 1196 2130 mea
1226 2063 1266 2131 de
1290 2059 1415 2153 integre
1439 2069 1524 2132 term
1547 2083 1613 2155 qne
1636 2058 1823 2129 nominetur
1846 2057 1961 2153 tempu
1984 2061 2026 2130 de
2049 2060 2195 2130 everen

775 2184 879 2276 posita
909 2183 944 2252 in
966 2184 1039 2252 loco
1072 2185 1131 2277 qui
1155 2193 1290 2256 vocetur
1313 2185 1461 2257 mantum
1484 2195 1643 2281 quantum
1666 2197 1699 2258 et
1720 2187 1888 2280 quomodo
1909 2183 1991 2256 mihi
2014 2185 2152 2278 pertinet
2174 2209 2198 2254 u-

777 2312 910 2404 quidem
934 2310 1099 2380 nomfneto
1128 2311 1268 2402 genitori
1299 2333 1384 2382 meo.
1409 2322 1442 2380 et
1466 2321 1623 2404 quantum
1646 2321 1679 2383 et
1701 2313 1866 2407 quomodo
1892 2311 1999 2404 tetigit
2028 2312 2194 2382 nominato

776 2431 917 2524 genitori
941 2452 1014 2500 meo
1039 2455 1057 2498 a
1082 2429 1215 2520 quidem
1238 2431 1371 2500 domino
1405 2431 1600 2502 medetfredu
1635 2433 1834 2524 lungubardo
1869 2432 2016 2503 exadelfo
2040 2455 2195 2525 germano

777 2577 837 2626 suo
861 2554 930 2624 thio
953 2576 1028 2626 meo
1051 2574 1111 2645 per
1134 2553 1281 2624 chartule
1316 2551 1488 2624 notitiuiu
1517 2551 1629 2624 nimbo
1660 2552 1778 2645 scripte
1812 2553 1876 2647 que
1900 2561 1978 2644 aput
2000 2577 2055 2627 mo
2077 2553 2192 2626 obeor

781 2681 853 2749 Um
876 2700 952 2751 cum
978 2677 1150 2749 erroribus
1172 2675 1347 2760 fructiferis
1370 2676 1424 2747 set
1448 2675 1657 2746 infructiferis
1680 2675 1776 2746 simul
1800 2697 1875 2747 cum
1897 2677 2030 2749 introito
2052 2700 2113 2749 suo
2127 2677 2196 2748 tro·

779 2805 979 2900 mnibusque'
999 2805 1061 2875 sihi
1084 2801 1338 2898 pertinentibus:
1364 2803 1543 2874 coherente
1566 2801 1628 2876 sivi
1651 2803 1692 2873 de
1714 2823 1781 2872 uno
1804 2801 1903 2878 tatere
1927 2811 2013 2874 terre
2036 2803 2193 2874 heredum

717 2920 736 2946 “
780 2928 904 2998 domini
928 2927 1053 2998 cesarii.
1079 2936 1112 2998 et
1136 2929 1175 2998 de
1199 2925 1263 3000 atio
1287 2925 1385 2998 lutere
1408 2933 1493 2996 terre
1528 2922 1684 2997 heredum
1719 2925 1876 2996 nominati
1899 2926 2031 3020 quidem
2067 2927 2195 2998 medel-

782 3053 873 3123 freda
908 3051 1098 3145 lmgmarti
1121 3051 1192 3122 thio
1216 3075 1290 3124 meo
1313 3076 1378 3146 qne
1412 3075 1488 3124 eum
1510 3053 1550 3123 nd
1575 3049 1681 3122 vicem
1703 3049 1837 3144 tetigit:
1874 3062 1907 3124 et
1930 3054 1970 3123 de
1992 3073 2059 3122 uno
2082 3053 2186 3143 capite

780 3178 834 3246 via
866 3176 1007 3270 publico.
1044 3185 1077 3250 et
1113 3201 1156 3250 ex
1191 3177 1255 3248 etio
1290 3177 1394 3270 cepite
1426 3184 1511 3248 terra
1544 3174 1700 3246 heredum
1724 3175 1912 3246 costantini:
1950 3178 1999 3246 De
2022 3197 2087 3270 qun
2108 3173 2192 3246 nihil

780 3299 860 3376 mihi
887 3300 1040 3376 renmnsit
1074 3323 1133 3373 nec
1166 3300 1201 3370 in
1225 3299 1327 3372 aliene
1360 3321 1495 3393 persons
1530 3296 1680 3372 commisi
1702 3306 1883 3392 potestator
1909 3299 1956 3368 tte
1980 3307 2018 3368 ut
2040 3297 2083 3370 ha
2106 3319 2193 3368 nunc

781 3433 813 3494 et
849 3425 997 3519 deinceps
1020 3428 1183 3500 nominata
1206 3427 1330 3521 integre
1354 3426 1504 3520 portione
1527 3449 1599 3500 mee
1623 3427 1663 3500 de
1686 3427 1849 3498 nominate
1871 3427 1997 3517 integra
2020 3433 2104 3496 terre
2128 3445 2193 3516 que

781 3549 970 3621 nominetur
1001 3574 1117 3646 cempu
1148 3557 1187 3627 de
1218 3555 1364 3626 tevorolu
1392 3556 1498 3648 positu
1519 3554 1555 3624 iu
1578 3553 1744 3625 nominato
1767 3553 1840 3624 loco
1863 3549 2012 3622 melitum
2035 3557 2193 3645 quumum

676 3760 679 3764 ¹
780 3685 813 3744 et
847 3676 1013 3768 quomodo
1035 3675 1117 3747 mihi
1140 3679 1280 3772 pertinet
1303 3705 1322 3749 u
1345 3679 1477 3774 quidem
1511 3679 1677 3750 nominato
1710 3678 1850 3772 genitori
1882 3699 1957 3748 meo
1981 3683 2014 3748 et
2035 3683 2194 3770 quantum

779 3789 812 3868 et
848 3801 1012 3890 quomodo
1046 3801 1153 3892 tetigit
1188 3803 1354 3871 nominato
1392 3803 1531 3894 genitori
1565 3827 1639 3876 meo
1663 3829 1681 3874 a
1704 3804 1836 3900 quidem
1858 3802 2025 3874 nominato
2061 3801 2192 3872 domino

779 3923 977 3996 madelfrodu
1011 3923 1209 4014 langubardo
1243 3925 1390 3992 exodelto
1427 3945 1583 4014 germano
1619 3947 1680 3992 suo
1711 3926 1781 3992 thio
1821 3921 1915 3994 meo'
1935 3945 1994 4016 per
2028 3923 2199 3994 nominntn'

780 4045 926 4114 chartule
959 4043 1075 4117 notitia
1099 4045 1132 4114 iu
1158 4044 1237 4114 tubo
1261 4045 1376 4137 scriptu
1400 4069 1464 4140 que
1488 4051 1566 4138 aput
1589 4067 1642 4116 me
1666 4066 1776 4116 creor
1813 4047 1883 4120 Une
1919 4069 1994 4122 cum
2022 4021 2210 4118 mernor

779 4169 953 4240 fructiferis
987 4169 1040 4240 rel
1075 4169 1281 4240 infructiferis
1309 4171 1406 4241 simul
1428 4193 1504 4240 cum
1527 4169 1660 4240 introito
1683 4195 1743 4243 suo
1767 4171 2005 4266 homnibusque
2027 4171 2090 4242 sivi
2113 4193 2191 4264 per-

780 4294 980 4364 tinentibus:
1005 4294 1054 4364 De
1078 4317 1143 4391 que
1166 4293 1248 4364 nihil
1270 4295 1352 4366 mihi
1376 4296 1527 4364 remansit
1549 4304 1597 4365 set
1619 4297 1654 4366 in
1677 4296 1804 4397 integro
1819 4295 2059 4390 sioutsuperius
2073 4295 2192 4388 legitur

781 4431 813 4489 et
836 4423 973 4516 qualiter
996 4422 1153 4516 predictas
1175 4423 1374 4496 coherentias
1398 4424 1596 4496 circumdent
1619 4449 1638 4494 a
1661 4447 1714 4496 me
1730 4425 1789 4496 tibi
1805 4425 1846 4496 sit
1862 4425 2056 4498 renundatus
2071 4431 2104 4494 et
2118 4431 2191 4492 tru-

781 4546 862 4614 ditas
897 4546 931 4614 in
954 4557 1010 4617 tun
1034 4546 1162 4640 tuisque
1185 4545 1356 4618 heredibus
1379 4547 1420 4618 sit
1444 4555 1597 4641 potestate
1620 4549 1781 4646 quidquid
1804 4547 1921 4620 exinde
1943 4549 2048 4620 fecere
2071 4545 2192 4618 volue-

780 4668 850 4737 ritis
873 4667 1007 4740 liveram
1030 4669 1065 4738 iu
1089 4669 1237 4740 omnibus
1261 4691 1385 4767 semper
1408 4670 1551 4743 heveetis
1566 4681 1722 4765 potestate
1740 4697 1747 4742 :
1765 4681 1797 4742 et
1808 4695 1913 4766 neque
1929 4697 1947 4741 a
1962 4693 2015 4743 me
2029 4671 2191 4742 nominate

780 4793 883 4861 meria
907 4793 1039 4864 honesta
1061 4796 1179 4865 femina
1203 4818 1277 4867 cum
1300 4795 1464 4868 voluntate
1483 4799 1628 4890 presenti
1652 4795 1807 4867 nominati
1831 4795 1953 4866 domini
1970 4795 2112 4890 gregorii
2127 4793 2190 4865 viri

780 4918 846 4988 mei
871 4940 974 5012 neque
999 4944 1016 4990 e
1041 4919 1121 4994 mois
1145 4920 1316 4994 heredibus
1339 4944 1398 4994 nec
1422 4947 1441 4990 a
1463 4921 1554 4996 nobis
1577 4921 1719 5014 personis
1740 4919 1926 4993 summissis.
1944 4919 2034 4995 utillo
2048 4931 2190 5016 tempore
