4900 6528
1413 956 1597 1030 CLXXXII.

668 1229 725 1276 ³¹¹·
891 1219 922 1314 †
945 1219 982 1290 ln
998 1213 1128 1288 nominc
1143 1212 1267 1287 domini
1284 1211 1337 1284 dei
1350 1211 1517 1283 salvatoris
1532 1207 1634 1280 nostri
1650 1205 1747 1280 lhesu
1762 1203 1884 1276 Christi
1897 1202 2073 1298 Imperante
2086 1208 2220 1280 domino

654 1340 739 1402 9⁸⁰·
797 1355 906 1422 nostro
920 1345 1034 1418 basilio
1050 1363 1167 1435 magno
1182 1341 1378 1430 Imperatore
1394 1355 1478 1406 anno
1492 1333 1653 1408 vicesimo.
1672 1331 1728 1404 sed
1748 1341 1781 1406 at
1795 1332 1995 1404 constantino
2015 1353 2130 1426 magno
2150 1335 2218 1406 im-

798 1479 945 1567 peratore
969 1472 1068 1540 frater
1091 1465 1160 1537 eius
1183 1483 1269 1534 anno
1292 1461 1430 1555 septimo
1454 1459 1589 1532 decimo.
1604 1457 1665 1530 Dis
1679 1459 1792 1553 quintu
1815 1455 1939 1530 decima
1962 1456 2081 1528 rncusis
2105 1456 2220 1550 aprilis

799 1598 972 1674 indictione
995 1589 1107 1662 octaba
1130 1587 1278 1682 neapoli:
1297 1589 1429 1660 Certum
1444 1593 1491 1660 ost
1507 1607 1567 1658 uos
1583 1607 1757 1656 romanum
1771 1593 1805 1657 et
1820 1583 1922 1656 maria
1945 1581 2078 1654 honesta
2102 1583 2219 1656 femina
2312 1600 2316 1618 ·

803 1721 963 1820 germanis
978 1717 1080 1795 filium
1096 1724 1129 1790 et
1144 1716 1209 1789 titio
1223 1717 1388 1814 quondam
1403 1715 1527 1788 domini
1542 1715 1696 1796 basiliiet
1922 1734 2005 1784 anns
2020 1712 2155 1786 honeste
2170 1714 2222 1784 fe-

801 1849 888 1924 mirre
902 1845 1058 1940 iugalium
1075 1865 1295 1940 personarum.
1311 1865 1474 1938 quamque
1490 1843 1634 1938 sergium
1646 1841 1748 1916 lilium
1761 1840 1925 1936 qnondam
1940 1838 2064 1914 domini
2077 1839 2223 1910 iohannis

804 1980 837 2045 et
860 1970 1023 2066 qnondam
1046 1968 1145 2038 drosu
1168 1965 1303 2038 honeste
1327 1967 1448 2046 famine
1472 1966 1630 2060 iugslirnn
1645 1987 1854 2061 personarum
1870 1967 1999 2040 horest
2014 1965 2100 2038 tbios
2114 1973 2150 2038 et
2163 1987 2224 2042 ue-

802 2107 912 2193 potem
926 2106 974 2170 set
990 2119 1053 2191 ego
1068 2103 1243 2168 memorata
1259 2094 1362 2166 maria
1378 2093 1512 2168 honesta
1527 2095 1654 2170 femina.
1666 2117 1742 2168 cnm
1754 2094 1930 2174 volumtate
1944 2093 2084 2190 presenti
2099 2091 2224 2166 domini

802 2225 947 2318 stephani
959 2223 1023 2295 viri
1039 2223 1115 2296 mei.
1132 2224 1162 2294 A
1177 2221 1317 2316 presenti
1332 2221 1385 2294 die
1400 2221 1619 2316 promtissima
1633 2221 1809 2295 volumtate
1825 2245 1884 2316 pro
1899 2220 2022 2292 domini
2035 2241 2184 2296 ammove
2197 2227 2227 2296 et

802 2347 1034 2444 redemptionis
1057 2347 1162 2422 anime
1185 2355 1293 2422 nostre
1318 2345 1484 2422 offerimus
1500 2355 1534 2420 et
1556 2347 1744 2426 tradidimus
1760 2346 1852 2419 vobis
1867 2347 1999 2419 domino
2014 2345 2151 2418 iohanni
2168 2369 2230 2418 ve-

804 2475 938 2548 nerabili
963 2495 1125 2568 ygumeno
1148 2473 1333 2546 monasterii
1349 2481 1534 2548 sanctonum
1548 2473 1644 2568 sergii
1659 2482 1692 2542 et
1706 2473 1816 2544 baschi
1832 2473 1890 2569 qui
1904 2497 1990 2546 nunc
2004 2483 2226 2568 congregatus

805 2621 839 2670 es
862 2599 896 2668 in
920 2597 1115 2670 monasterio
1148 2597 1318 2670 beatorem
1349 2597 1497 2670 theodori
1520 2606 1553 2668 et
1574 2595 1743 2670 sebastiani
1766 2597 1824 2693 qui
1853 2597 2029 2692 appellatur
2061 2596 2224 2695 casapicta

803 2725 901 2796 situm
926 2725 961 2796 in
983 2721 1151 2796 viridiario
1175 2731 1208 2796 et
1230 2743 1289 2818 per
1311 2745 1371 2796 vos
1394 2723 1429 2794 in
1451 2723 1567 2797 eodem
1590 2731 1700 2794 sancto
1724 2729 1757 2794 et
1780 2719 1956 2794 venerabili
1972 2728 2081 2792 vestro
2106 2743 2227 2796 mona·

803 2855 914 2926 sterio.
938 2875 1001 2948 ego
1024 2875 1104 2924 vcro
1127 2859 1307 2926 memorato
1329 2875 1464 2932 romano
1487 2855 1612 2949 inagna
1631 2851 1812 2949 portionem
1826 2875 1930 2927 meam
1947 2861 1981 2930 et
1997 2851 2132 2947 integris
2148 2875 2229 2948 por-

807 2975 949 3052 tionibus
971 2977 1136 3071 qnondam
1160 2977 1277 3050 marini
1300 2985 1333 3048 et
1543 2979 1717 3052 monastrie
1740 2977 1901 3074 germanis
1916 2975 1987 3054 strio
2003 2986 2036 3050 et
2060 2976 2127 3049 tbia
2153 2979 2230 3050 rucis

807 3115 841 3178 et
857 3127 918 3199 ego
933 3115 1111 3182 memorate
1134 3107 1236 3178 mario
1260 3107 1395 3178 honeste
1419 3108 1537 3180 femina
1560 3109 1684 3212 integra
1707 3108 1889 3202 portionem
1905 3115 2059 3179 meamet
2076 3128 2139 3200 ego
2155 3130 2229 3179 rue-

805 3242 934 3306 morato
956 3234 1064 3328 sergio
1086 3233 1211 3330 integra
1234 3233 1416 3330 portionem
1439 3244 1615 3306 memorate
1640 3234 1789 3330 genitrici
1812 3257 1903 3308 meae
1926 3233 2057 3310 insimul
2081 3257 2125 3306 ex
2142 3235 2230 3307 inte-

806 3381 904 3455 grum
927 3361 1066 3434 cusaleru
1088 3363 1300 3436 constitutum
1323 3363 1404 3436 bero
1427 3363 1460 3438 in
1486 3365 1559 3436 loco
1573 3363 1632 3460 qni
1654 3373 1790 3436 vocatur
1813 3371 1930 3460 quarto
1945 3362 2060 3459 pittulo
2074 3363 2167 3458 quod
2183 3371 2231 3434 est

806 3490 885 3560 foris
908 3489 1053 3566 flubcurn
1077 3513 1143 3562 una
1167 3513 1243 3563 cum
1266 3491 1437 3563 nrvoribns
1460 3491 1631 3564 fructiferis
1654 3491 1706 3564 vel
1728 3491 1935 3568 infructiferis
1958 3489 2056 3562 simul
2079 3513 2159 3562 cnm
2181 3490 2232 3562 in·

807 3616 920 3686 troitss
957 3637 1031 3688 sues
1054 3615 1281 3712 omnibusque.
1308 3615 1354 3687 cis
1377 3615 1569 3708 generaliter
1588 3615 1817 3710 pertinentibus
1836 3616 1894 3712 qui
1918 3616 2071 3694 indivisus
2093 3617 2232 3690 reinceut

809 3755 885 3807 curu
908 3735 1111 3829 portionibus
1134 3735 1175 3807 ds
1197 3733 1313 3807 ceteris
1335 3733 1539 3810 consortibus
1563 3739 1680 3808 nostris
1702 3737 1787 3809 unde
1810 3735 1851 3807 ab
1874 3737 1920 3808 eis
1934 3737 2000 3808 iarn
2014 3737 2149 3814 offertus
2168 3735 2230 3810 lur-

808 3861 900 3932 vetis.
925 3883 1024 3956 quem
1046 3881 1127 3932 vero
1150 3867 1329 3940 memorate
1352 3859 1459 3956 portio
1484 3863 1655 3937 memorati
1678 3861 1796 3943 marini
1820 3860 1880 3935 tbii
1896 3862 1996 3934 nostri
2012 3861 2130 3935 exinde
2145 3861 2224 3940 mibi

805 3999 986 4060 memorato
1010 4010 1146 4064 romano
1170 3987 1211 4062 ub
1235 4011 1312 4063 enm
1334 3987 1473 4084 pertinet
1496 4011 1554 4084 per
1729 3991 1731 3998 ⁴
1866 3997 1899 4062 et
1921 3997 2098 4068 memoratu
2121 3989 2226 4084 portio

806 4125 984 4186 memorate
1270 4117 1445 4194 monastrie
1459 4117 1527 4192 tbie
1543 4141 1633 4196 mese
1648 4117 1730 4199 milti
1745 4127 1925 4198 memorato
1941 4139 2076 4196 mutuno
2092 4118 2229 4214 pertinet

808 4235 978 4332 apublica
1001 4243 1191 4332 potestatem
1215 4261 1273 4332 per
1296 4239 1482 4318 chartulum
1505 4243 1731 4322 concessionis.
1746 4265 1844 4343 quem
1860 4253 1893 4318 et
1906 4243 1974 4339 ipsa
1990 4242 2136 4322 cbrrrtulu
2153 4263 2226 4317 curu

806 4373 984 4438 memoratu
1006 4365 1246 4439 concessionem
1270 4376 1349 4464 aput
1371 4391 1424 4442 me
1447 4369 1561 4446 habeo.
1586 4371 1634 4446 De
1658 4393 1724 4466 qua
1747 4369 1829 4440 nibil
1852 4370 1945 4442 nobis
1968 4395 2010 4444 ex
2033 4371 2141 4465 ipsum
2170 4393 2229 4442 cs·

807 4489 906 4564 salem
930 4491 1029 4566 sitnm
1053 4491 1182 4588 inipso
1206 4493 1277 4564 loco
1302 4504 1418 4594 quarto
1442 4493 1560 4592 pittulo
1583 4495 1673 4592 quod
1688 4496 1828 4577 estforis
1844 4495 1987 4578 dnbeum
2002 4493 2223 4596 omnibusque.

665 4679 667 4682 .
808 4619 855 4687 eis
878 4620 1110 4710 pertinentibus
1135 4621 1266 4718 aliquod
1290 4624 1443 4698 remansit
1465 4635 1523 4703 aut
1546 4629 1781 4700 reservavimus
1804 4649 1863 4700 use
1887 4625 1922 4702 iu
1946 4625 2064 4698 alienus
2079 4643 2228 4720 peremur

809 4741 1031 4816 commisimus
1053 4743 1107 4816 vel
1131 4746 1249 4819 amodo
1271 4746 1337 4826 ianr
1361 4748 1594 4824 committimus
1609 4759 1806 4846 potestatem.
1823 4760 1857 4824 et
1873 4749 1915 4822 br
1931 4757 2064 4830 nuncet
2082 4748 2226 4845 auceps

808 4867 844 4936 in
866 4873 973 4938 vestro
997 4868 1209 4964 posterisque.
1234 4875 1349 4946 vestris
1364 4877 1428 4946 sint
1444 4887 1635 4972 potestatem
1657 4903 1786 4976 queque
1800 4877 1916 4954 exinde
1930 4879 2035 4952 facere
2051 4875 2225 4950 volueritis.

810 5001 842 5064 et
865 5014 970 5090 neque
994 5017 1014 5064 a
1037 4993 1129 5067 nobis
1153 5006 1333 5072 memorato
1355 5023 1490 5076 romano
1516 5013 1549 5080 et
1570 5005 1673 5084 muria
1696 5004 1829 5082 tonora
1857 5004 1974 5084 luminu
2006 5001 2170 5106 mauis
2195 5013 2225 5076 et
2287 5030 2293 5040 ·
