4854 6528
1317 1013 1418 1085 CXX.

542 1293 595 1340 an.
753 1269 784 1364 †
807 1273 844 1342 ln
867 1270 999 1340 nomine
1023 1268 1150 1340 domini
1173 1267 1226 1338 dei
1248 1266 1418 1337 salvatoris
1441 1265 1545 1334 nostri
1565 1265 1664 1338 lbesu
1679 1261 1804 1338 Clrristi
1817 1265 2001 1360 Imperante
2018 1274 2084 1344 do-

520 1405 606 1465 966.
660 1397 750 1468 mino
773 1405 882 1467 nostro
905 1391 1017 1465 basilio
1040 1413 1159 1483 magno
1181 1391 1378 1483 Imperatore
1402 1411 1487 1460 anno
1509 1397 1613 1461 sexto.
1637 1391 1693 1463 sed
1708 1404 1743 1464 et
1762 1391 1933 1488 nieiplruro
1948 1405 1980 1468 ct
1995 1396 2083 1472 Goa-

659 1525 798 1598 stantino
819 1522 948 1613 magnis
980 1516 1228 1612 imperatoribus
1262 1538 1347 1587 suno
1380 1517 1485 1590 tertio.
1519 1519 1581 1592 Die
1605 1520 1796 1594 duodecima
1819 1523 1937 1598 meu&
1969 1529 2079 1600 moror

660 1651 832 1724 indictione
854 1667 939 1718 nona
961 1643 1108 1738 neapoli:
1133 1642 1267 1716 Certum
1289 1653 1338 1716 est
1353 1669 1405 1720 me
1421 1641 1595 1718 iohannem
1618 1645 1722 1719 filium
1743 1649 1909 1742 qnondam
1930 1649 2081 1726 theodori

550 1767 553 1776 ⁴
660 1787 693 1846 ct
715 1774 877 1870 qnondam
899 1789 993 1841 marn
1015 1767 1172 1862 iugalium
1201 1789 1420 1862 personarum.
1448 1788 1616 1842 unacum
1644 1769 1809 1844 rolmrtate
1841 1793 1923 1844 amc
1946 1763 2079 1868 conirigi

659 1924 772 1974 meae:
800 1898 831 1968 Α
853 1895 993 1991 presenti
1017 1895 1069 1966 die
1093 1893 1307 1988 promtissima
1340 1896 1506 1970 voluntate
1529 1897 1685 1992 promtto
1707 1897 1800 1970 vobis
1824 1899 1955 1972 domino
1970 1902 2079 1996 sergio

655 2021 833 2100 venerabili
855 2024 1010 2117 igumeno
1032 2020 1218 2094 monasterii
1241 2031 1427 2096 sanctornm
1449 2024 1549 2119 sergii
1571 2034 1605 2097 et
1626 2023 1737 2097 baschi
1759 2025 1920 2122 quinum
1944 2049 2078 2122 conpe-

657 2165 750 2248 getns
773 2175 807 2225 es
829 2154 864 2224 in
887 2149 1080 2224 monasterio
1103 2159 1287 2222 sauctorum
1310 2150 1460 2224 theodori
1482 2162 1516 2226 et
1537 2154 1708 2228 eleuant
1734 2155 1794 2250 qui
1818 2155 1994 2250 appellabar
2017 2182 2078 2228 ca·-

656 2286 775 2377 saplota
798 2283 897 2354 sitnm
919 2283 954 2354 in
976 2279 1143 2354 'viridario
1181 2291 1313 2376 propter
1347 2305 1460 2357 omnes
1485 2293 1586 2356 terras
1615 2281 1658 2356 et
1671 2283 1828 2358 bolibetas
1850 2307 1909 2358 seu
1931 2286 2021 2358 silvis
2045 2297 2079 2358 et

656 2410 808 2482 bundoras
832 2407 962 2482 insimul
985 2416 1120 2501 quantus
1143 2416 1176 2478 et
1207 2407 1320 2502 quales
1343 2409 1457 2482 mustis
1489 2411 1568 2480 loris
1603 2410 1747 2482 liubeum
1779 2411 2006 2506 omnibusque.
2032 2414 2079 2484 ais

656 2535 845 2630 generaliter
868 2533 1119 2630 pertinentibus:
1151 2533 1229 2630 qnia
1252 2559 1431 2632 numquam
1454 2559 1639 2632 presumens
1661 2559 1724 2631 ego
1748 2548 1805 2610 aut
1825 2539 1960 2610 heredes
1995 2542 2078 2610 meis

654 2684 714 2737 nee
739 2665 891 2736 abeamus
914 2665 1076 2738 licentiam
1098 2685 1158 2734 vos
1180 2671 1238 2736 aut
1260 2666 1394 2759 posterb
1417 2666 1532 2737 vestris
1557 2675 1800 2760 memoratoque
1822 2675 1932 2738 sancto
1956 2675 1990 2737 et
2012 2690 2077 2738 ra·

655 2791 790 2864 nerabili
813 2800 922 2861 vestro
945 2788 1142 2862 monasterio
1172 2789 1345 2885 aliqnando
1377 2791 1495 2864 exinde
1530 2813 1667 2886 querere
1697 2813 1755 2885 per
1777 2791 1904 2862 nullum
1942 2793 2076 2866 modurn

653 2941 712 2988 nec
736 2939 793 3010 per
816 2913 993 2988 summissis
1022 2935 1173 3008 personas
1207 2937 1267 2988 nec
1298 2940 1357 3012 per
1388 2917 1515 2990 nullum
1537 2915 1715 2988 hummnuo
1745 2914 1890 2988 arbitrio.
1924 2939 1965 2990 eo
1987 2919 2076 3013 quod

653 3044 869 3139 impsgationc
894 3042 1002 3137 accepi
1025 3068 1045 3112 a
1069 3043 1161 3116 vobis
1186 3046 1303 3119 exinde
1333 3045 1458 3140 integra
1482 3067 1553 3118 mea
1577 3044 1740 3118 sanatione
1764 3045 1799 3114 in
1822 3067 1953 3116 omnem
1982 3047 2077 3118 deci·-

653 3173 744 3241 sioue
767 3189 824 3240 seu
847 3165 1121 3240 deliberationem.
1144 3169 1230 3254 Quia
1246 3171 1291 3242 its
1305 3169 1387 3242 mibi
1410 3167 1612 3262 complrsni:
1631 3168 1666 3238 Si
1682 3177 1791 3244 antem
1806 3191 1865 3240 nos
1889 3175 2074 3242 memoratis

653 3296 775 3389 iugales
798 3305 854 3368 ant
876 3296 1009 3368 heredes
1031 3297 1149 3370 nostris
1172 3298 1290 3392 quovis
1312 3307 1457 3391 tempore
1485 3306 1595 3366 eontra
1620 3294 1703 3366 bunc
1727 3295 1905 3367 chartulam
1929 3299 2074 3390 pomn-

651 3427 749 3496 sionls
771 3426 949 3500 modulis
973 3437 1009 3497 ut
1033 3447 1129 3521 super
1154 3427 1274 3520 legitur
1297 3426 1409 3522 uenire
1433 3424 1700 3518 presumserimus
1723 3424 1806 3497 etin
1822 3423 1945 3518 aliquid
1961 3427 2074 3496 offensi

650 3557 805 3630 fuerimus
828 3581 886 3651 per
909 3557 1026 3653 quovis
1049 3557 1185 3628 modum
1208 3563 1264 3624 aut
1280 3553 1456 3624 summissis
1469 3554 1613 3648 personis
1628 3564 1705 3624 tunc
1728 3552 1955 3650 componimus
1979 3553 2071 3624 vobis

649 3687 855 3784 posterisque.
868 3689 982 3760 vestris
997 3687 1067 3758 euri
1084 3685 1203 3758 solidos
1218 3681 1404 3776 trigintasex
1417 3681 1636 3777 bytbienteos:
1651 3691 1684 3754 et
1698 3681 1758 3753 bec
1772 3681 1917 3753 cbarmls
1931 3680 2071 3776 qualiter

649 3815 788 3886 continet
812 3815 904 3886 firma
928 3821 1111 3908 permanent
1134 3813 1374 3907 imperpetuum
1405 3809 1521 3902 scripta
1549 3829 1608 3902 per
1639 3827 1752 3880 munus
1784 3805 1917 3878 iohanni
1941 3807 2071 3886 curialis

649 3937 788 4008 seribere
812 3937 927 4029 rogavi
949 3959 1008 4030 per
1030 3937 1205 4011 indictione
1228 3941 1406 4006 memorata
1430 3955 1515 4004 nona
1539 3931 1570 4026 †

744 4061 816 4130 Hoc
839 4061 968 4153 signnm
992 4061 1024 4156 †
1046 4081 1161 4132 manns
1185 4058 1354 4130 memorati
1368 4057 1502 4130 iohanni
1518 4077 1594 4126 curn
1617 4056 1781 4124 voluntate
1794 4068 1972 4132 memorate
1989 4081 2070 4133 anne

648 4185 780 4278 coniugi
793 4206 852 4255 sna
869 4185 959 4277 quod
976 4207 1038 4276 ego
1050 4183 1109 4278 qui
1122 4195 1317 4256 memoratos
1332 4207 1393 4279 pro
1409 4182 1457 4254 eis
1470 4178 1642 4270 subscripsi
1658 4188 1691 4249 et
1703 4194 1881 4252 memorata
1897 4205 1990 4254 sana.
2005 4236 2012 4252 .
2029 4236 2037 4252 .
2054 4237 2062 4254 .

743 4308 774 4402 †
794 4331 856 4403 ego
880 4309 933 4382 leo
957 4309 1041 4382 filins
1064 4311 1188 4384 domini
1210 4311 1323 4386 steiani
1338 4304 1488 4380 monachi
1505 4312 1637 4395 rogatus
1653 4327 1671 4372 a
1687 4306 1921 4400 suprascriptos
1946 4309 2068 4402 iugales

647 4435 720 4506 testi
745 4436 916 4530 subscripsi
940 4447 974 4509 et
995 4439 1211 4535 suprascripta
1233 4435 1401 4508 sanctinum
1423 4425 1586 4506 consessus
1610 4431 1786 4532 percepisse
1810 4430 1841 4527 †

742 4562 773 4657 †
796 4585 858 4658 ego
881 4563 1050 4660 gregorius
1073 4563 1159 4638 filins
1182 4558 1307 4641 domini
1329 4553 1446 4632 marini
1474 4563 1607 4646 rogatus
1638 4555 1912 4649 arupnscriptos
1946 4557 2068 4652 iugules

646 4692 719 4762 testi
743 4693 915 4788 subscripsi
938 4703 972 4766 et
993 4693 1207 4786 suprascripta
1229 4685 1394 4760 sanctione
1417 4687 1580 4758 confessum
1603 4681 1830 4780 pemcpisse†

740 4819 858 4915 †cgo
881 4819 1051 4913 gregorius
1074 4817 1159 4886 filius
1182 4811 1309 4894 domini
1333 4811 1446 4884 cerani
1477 4821 1609 4906 rogatus
1632 4835 1652 4882 a
1673 4810 1905 4905 suprascriptos
1942 4811 2065 4906 iugales

648 4945 719 5016 testi
744 4945 916 5038 subscripsi
941 4953 972 5015 et
995 4939 1210 5036 suprascripta
1233 4938 1397 5012 sanatione
1422 4939 1584 5012 confossus
1607 4935 1786 5035 percepisse
1810 4939 1842 5036 †

745 5073 776 5172 †
799 5073 869 5164 Ego
894 5067 1050 5140 iohannes
1072 5065 1209 5140 Curiulis
1232 5065 1400 5162 Gomplcvi
1423 5076 1456 5137 et
1479 5063 1602 5136 absolvi
1626 5086 1685 5160 per
1700 5064 1873 5138 indictione
1888 5074 2064 5135 memorata

649 5223 733 5268 irone
759 5197 791 5290 †
