4954 6532
1435 583 1564 678 (⁴⁸)

781 759 870 842 tegra
893 743 1032 840 corrigia
1054 743 1094 816 de
1118 748 1204 814 terra
1226 745 1332 814 vestm
1355 762 1431 814 cum
1454 739 1622 814 morinus
1637 748 1669 813 et
1683 738 1853 812 introitum
1872 761 1969 812 sunm
1985 741 2201 840 omnibusque

674 893 679 908 ·
781 872 843 944 sivi
866 869 1096 968 pertinentibus
1119 867 1292 940 coherente
1315 864 1379 936 sivi
1402 866 1442 938 de
1464 887 1531 936 uno
1554 865 1652 936 latere
1675 872 1765 958 parte
1786 864 1984 936 hoccidentis
2008 875 2095 938 terra
2115 891 2201 941 mea.
2236 917 2239 923 ·

784 1004 833 1075 De
857 1001 924 1072 alio
947 1001 1047 1072 latere
1069 1007 1158 1092 purte
1183 995 1339 1068 horientis
1361 996 1524 1066 nominata
1558 991 1699 1086 corrigia
1722 1015 1786 1086 que
1810 993 1957 1086 nuperius
1988 995 2081 1068 volsis
2105 1018 2204 1070 com-

784 1125 909 1198 mutavi
933 1135 970 1195 nt
994 1120 1064 1194 dixi
1088 1119 1183 1192 sicuti
1206 1119 1290 1192 inter
1306 1139 1340 1189 se
1355 1116 1527 1189 nominatis
1550 1123 1691 1211 quatuor
1707 1118 1852 1190 terminis
1871 1120 2041 1196 finiuntur.
2068 1125 2120 1196 De
2137 1145 2204 1196 uno

786 1255 888 1348 cupite
912 1260 1003 1346 parte
1026 1249 1250 1344 septentrionis
1272 1246 1474 1318 nominatum
1506 1244 1655 1338 egripum
1679 1245 1729 1317 De
1753 1245 1818 1318 alio
1841 1248 1945 1342 capite
1976 1258 2069 1344 parte
2099 1251 2205 1324 meri·

789 1381 880 1452 diana
903 1381 1066 1453 nominata
1090 1386 1175 1448 terra
1197 1399 1281 1447 mea.
1316 1371 1402 1442 uncle
1436 1371 1518 1441 nihil
1541 1371 1633 1443 robis
1664 1373 1751 1446 intus
1786 1376 1965 1448 nominatas
1998 1378 2199 1453 coherentias

788 1506 973 1596 reservastis
994 1503 1089 1576 sienni
1105 1512 1137 1572 et
1152 1499 1318 1593 quomodo
1341 1519 1413 1566 mea
1436 1496 1579 1568 eontinet
1593 1496 1741 1570 chartula
1764 1504 2026 1576 commutationis
2050 1530 2114 1599 que
2137 1527 2198 1578 vos

789 1657 863 1706 cum
879 1639 992 1701 cuncta
1005 1634 1110 1698 vestra
1123 1622 1371 1717 congregatione
1394 1620 1629 1692 monachorum
1653 1625 1734 1696 milri
1750 1626 1867 1698 exinde
1883 1629 2002 1701 lecistis
2019 1631 2054 1702 in
2070 1653 2203 1730 omnem

790 1735 948 1827 decisione
971 1773 1029 1822 sen
1052 1747 1326 1820 deliberationem.
1352 1743 1438 1828 Quia
1459 1744 1504 1814 ita
1527 1746 1611 1820 inter
1634 1747 1727 1820 nobis
1742 1750 1928 1822 combenit:
1954 1753 1988 1822 Si
2013 1767 2122 1828 auton
2140 1779 2204 1849 ego

787 1886 844 1954 eut
868 1875 1001 1945 heredes
1024 1873 1104 1946 meis
1128 1872 1246 1968 quovis
1269 1881 1415 1963 tempore
1438 1879 1551 1942 contra
1581 1870 1666 1942 lranc
1697 1874 1854 1946 mrurlam
1879 1881 2142 1950 commutationis
2166 1894 2205 1958 ut

788 2021 884 2092 snper
908 1998 1027 2090 legitur
1050 1997 1161 2070 venire
1184 1995 1473 2091 presumpserimns
1496 2005 1528 2068 et
1551 1997 1586 2066 in
1608 1999 1733 2093 aliquid
1756 1999 1986 2072 offenderimus
2009 2026 2068 2096 per
2088 2009 2204 2100 quovis

788 2123 922 2193 modum
945 2129 1001 2193 aut
1024 2119 1200 2194 summissis
1224 2119 1379 2213 personis.
1405 2129 1482 2190 tunc
1505 2121 1730 2214 componimus
1746 2122 1840 2194 vobis
1860 2125 2061 2221 posterisque
2087 2132 2204 2202 vestris

788 2250 1019 2344 nominatoque
1042 2256 1152 2320 sancto
1176 2256 1209 2320 et
1232 2245 1408 2320 venerabili
1431 2257 1540 2320 vestro
1563 2250 1758 2324 monasterio
1782 2254 1855 2326 anri
1871 2255 1991 2328 solidos
2005 2257 2123 2349 viginti
2142 2259 2205 2355 by-

790 2374 938 2444 tiunteos.
964 2381 997 2442 et
1020 2371 1080 2442 hec
1103 2369 1225 2446 centula
1249 2369 1390 2463 qualiter
1413 2369 1556 2446 continet
1585 2371 1626 2448 sit
1654 2373 1747 2442 firma
1779 2375 1815 2444 in
1836 2387 2053 2469 perpetuum:
2086 2382 2204 2475 scripta

789 2475 847 2594 per
870 2522 983 2570 manus
1006 2496 1154 2568 iohannis
1177 2494 1306 2566 curialis
1330 2492 1586 2607 Qdictione
1608 2495 1772 2578 nominata
1793 2502 2031 2596 quartadecima
2054 2503 2086 2601 †

885 2620 1026 2716 †1sro
1051 2628 1318 2694 rrnrorrorc
1342 2629 1451 2694 corn
1475 2613 1506 2716 †

884 2744 1011 2844 †Ego
1033 2745 1194 2840 aligernus
1218 2743 1303 2826 [ilius
1326 2740 1451 2822 domini
1483 2741 1569 2822 leoni
1603 2750 1734 2836 rogatus
1761 2769 1780 2816 a
1803 2748 2019 2848 suprascripte
2050 2755 2201 2846 gregorio

792 2874 866 2950 testi
889 2873 1062 2966 subscripsi
1085 2870 1116 2968 †

887 2996 919 3090 †
941 3001 1013 3089 Ego
1036 2997 1212 3072 theodorus
1234 2995 1320 3072 filius
1337 2995 1460 3073 domini
1479 2995 1615 3088 aligerm
1631 3005 1796 3090 rogatnsa
1813 3000 2028 3095 suprascripto
2053 3007 2204 3100 gregorio

794 3119 867 3190 testi
891 3120 1063 3218 subscripsi
1085 3120 1116 3216 †

890 3245 921 3340 †
945 3249 1016 3338 Ego
1038 3246 1207 3342 gregorius
1231 3246 1316 3320 lilius
1338 3245 1464 3318 domini
1486 3246 1611 3318 ioannis
1634 3257 1798 3342 rogatusa
1816 3253 2032 3346 suprascripto
2054 3259 2205 3349 gregorio

795 3373 868 3448 testi
889 3371 1063 3464 subscripsi
1085 3369 1117 3467 †

888 3492 1015 3588 †Ego
1041 3493 1195 3570 iohannes
1219 3497 1356 3571 Cerialis
1380 3498 1547 3593 Complevi
1570 3509 1603 3570 et
1627 3498 1748 3572 absolvi
1767 3523 1825 3594 per
1844 3489 2018 3596 indictione
2044 3505 2206 3579 nominate

796 3619 1036 3718 quartadecima
1060 3618 1091 3713 †
2042 3665 2096 3711 32,
