4900 6528
1428 669 1571 764 (ero)

790 835 916 908 nullum
940 835 1075 906 modum
1098 855 1157 906 nec
1181 855 1239 930 per
1262 832 1384 905 nullam
1408 831 1532 904 ratione
1556 852 1662 926 neque
1685 848 1743 923 per
1765 823 1893 898 nullum
1908 824 2056 898 studium
2071 827 2107 900 in
2133 850 2214 924 per-

790 971 938 1056 petuum.
974 970 1082 1038 tamen
1106 961 1190 1055 ipsas
1218 982 1329 1040 omnes
1365 961 1510 1055 angarias
1541 967 1575 1031 et
1597 979 1729 1034 omnem
1755 952 1923 1051 pollicum
1952 954 2051 1027 simul
2084 957 2217 1030 elalius

790 1111 901 1164 omnes
923 1090 1065 1164 dationes
1087 1113 1168 1184 quas
1191 1088 1225 1160 in
1249 1098 1359 1160 nostro
1381 1089 1453 1160 iure
1478 1086 1606 1182 publico
1629 1086 1730 1160 nostri
1745 1085 1849 1157 lacere
1865 1091 1899 1154 ct
1915 1081 1990 1161 (lure
2006 1083 2124 1161 debent
2140 1110 2214 1162 me·

790 1217 924 1288 moratis
948 1214 1098 1288 omnihus
1121 1214 1278 1310 ospitibus
1301 1223 1334 1284 et
1357 1211 1546 1283 commentis
1561 1210 1690 1282 censitis
1712 1231 1769 1280 sen
1794 1205 1894 1279 serbis
1917 1212 2084 1282 memorati
2108 1215 2210 1284 vestri

792 1343 978 1415 monasterii
1001 1341 1053 1414 vel
1078 1341 1208 1412 illorum
1231 1335 1403 1407 heredibus
1427 1335 1542 1406 amodo
1566 1345 1599 1407 et
1622 1357 1749 1430 semper
1771 1333 1864 1406 vohis
1890 1335 2090 1432 posterisque
2106 1361 2127 1408 s.
2146 1361 2214 1410 ve-

792 1465 866 1538 stris
889 1473 922 1536 st
943 1465 979 1536 in
1001 1467 1179 1532 memorato
1203 1465 1315 1528 sancto
1337 1467 1445 1530 vestro
1469 1457 1665 1531 monasterio
1688 1458 1761 1532 illut
1775 1460 1880 1531 lacere
1904 1470 1938 1532 et
1969 1459 2046 1532 dare
2077 1460 2213 1534 debeant

793 1593 1039 1684 imperpetuum.
1068 1607 1125 1658 seu
1149 1583 1356 1674 concedimus
1380 1585 1472 1657 vobis
1495 1597 1528 1658 et
1551 1609 1610 1682 per
1633 1608 1693 1658 vos
1716 1587 1751 1658 in
1775 1595 1953 1664 memorato
1967 1597 2079 1660 sancto
2103 1601 2212 1662 veson

793 1707 992 1784 monasterio
1007 1715 1042 1780 ut
1055 1709 1083 1782 si
1100 1708 1219 1783 lemine
1242 1708 1284 1783 de
1307 1709 1385 1804 ipsis
1407 1709 1595 1784 hominibus
1618 1711 1776 1806 ospitibus
1791 1721 1824 1784 et
1838 1713 2064 1784 commendltis
2087 1714 2213 1786 censitis

795 1859 853 1910 sen
877 1834 978 1908 serbis
1004 1835 1176 1910 memorati
1199 1837 1297 1909 vestri
1322 1837 1509 1908 monasterii
1527 1849 1560 1910 et
1583 1838 1624 1910 de
1646 1835 1779 1908 illorum
1802 1835 1975 1909 heredibus
1996 1835 2144 1910 homines
2166 1837 2215 1907 li-

798 1957 886 2030 heris
914 1958 1023 2030 mariti
1045 1957 1179 2031 tulerint
1203 1982 1221 2029 a
1246 1967 1324 2029 tnnc
1348 1959 1411 2030 sint
1435 1959 1470 2030 in
1493 1968 1674 2033 memorato
1690 1968 1800 2032 sancto
1815 1969 1924 2030 vestro
1938 1958 2131 2030 monasterio
2146 1957 2215 2028 illas

794 2089 938 2184 angarias
962 2091 1003 2164 de
1026 2087 1103 2184 ipsis
1126 2086 1273 2160 homines
1297 2097 1329 2162 et
1354 2091 1394 2168 de
1419 2089 1549 2170 illorum
1581 2087 1753 2161 heredibus
1776 2109 1941 2160 concessas
1964 2096 1997 2159 et
2021 2086 2153 2159 traditas
2177 2095 2214 2156 ut

795 2217 938 2289 diximus
971 2215 1062 2288 vohis
1086 2225 1119 2290 et
1142 2216 1177 2288 in
1199 2227 1379 2288 memorato
1407 2227 1516 2290 sancto
1548 2225 1657 2288 vestro
1688 2215 1882 2285 monasterio
1910 2214 1944 2284 in
1968 2213 2212 2308 sempiternum.

796 2341 919 2412 lnterca
944 2341 1158 2412 concessimus
1183 2351 1215 2410 et
1238 2340 1429 2414 tradidimus
1452 2339 1545 2413 vobis
1568 2350 1601 2412 et
1624 2361 1682 2433 per
1706 2361 1764 2409 vos
1786 2339 1821 2408 in
1846 2350 2025 2410 memorato
2049 2349 2160 2411 sancto
2183 2348 2218 2408 et

795 2463 971 2534 veneravili
995 2473 1103 2536 vestro
1127 2464 1322 2536 monasterio
1347 2475 1379 2536 et
1401 2487 1531 2536 omnem
1554 2475 1701 2558 paratum
1725 2471 1759 2532 et
1781 2461 2006 2555 conquesitnm
2038 2463 2079 2532 de
2102 2483 2221 2532 omnes

794 2585 940 2660 homines
963 2587 1185 2660 commenditis
1207 2595 1240 2658 et
1263 2587 1368 2661 densis
1393 2588 1491 2660 vestri
1507 2587 1692 2658 monasterii
1711 2584 1988 2680 quantihabitant
2006 2585 2042 2656 in
2062 2586 2218 2657 lundoras

795 2724 828 2788 et
859 2715 952 2788 terris
984 2717 1155 2788 memorati
1182 2718 1281 2790 vestri
1315 2717 1514 2789 monasterii.
1550 2724 1607 2784 aut
1638 2712 1751 2810 quanti
1775 2712 1882 2785 debeis
1913 2712 2086 2784 memorati
2117 2715 2217 2784 vestri

794 2843 980 2915 monasterii
1003 2843 1124 2916 ubitam
1146 2847 1233 2918 intus
1256 2844 1350 2917 istam
1372 2855 1518 2920 nostram
1541 2843 1704 2914 civitatem
1727 2839 1795 2914 sibe
1817 2850 1975 2936 quantum
1991 2843 2089 2914 modo
2111 2864 2214 2936 para-

794 2979 865 3040 tum
889 2979 921 3040 et
943 2971 1167 3065 conquesitum
1190 2971 1310 3046 babent
1334 2971 1386 3044 vel
1409 2996 1474 3068 que
1498 2974 1613 3054 amodo
1637 2983 1670 3044 et
1693 2971 1841 3065 deinceps
1870 2971 2052 3065 paraberint
2074 2981 2106 3042 et
2129 2995 2210 3042 con·

797 3092 966 3186 quisierint
989 3117 1046 3188 per
1070 3098 1188 3190 quovis
1210 3099 1352 3170 modum.
1370 3107 1402 3168 et
1418 3097 1482 3170 hab
1498 3121 1556 3168 anc
1572 3098 1623 3169 dio
1638 3107 1671 3168 et
1685 3119 1812 3191 semper
1829 3097 1863 3167 iu
1879 3105 1985 3168 vestra
2000 3095 2215 3190 posterisque.

796 3221 911 3292 vestris
928 3220 990 3294 sint
1008 3230 1163 3316 potestate
1186 3223 1324 3319 qualiter
1340 3225 1456 3296 exinde
1469 3226 1574 3297 lacere
1590 3223 1757 3296 volueritis
1781 3223 1915 3296 liberam
1930 3247 2056 3318 semper
2073 3223 2216 3295 habeatis

795 3356 965 3444 potestate.
991 3349 1126 3444 Insuper
1149 3351 1315 3425 firmamus
1340 3353 1432 3424 vobis
1456 3355 1666 3449 posterisque.
1682 3355 1797 3428 vestris
1822 3363 1997 3449 sanctoque
2014 3366 2120 3426 vestro
2137 3378 2218 3426 mo-

796 3478 935 3550 nasterio
959 3477 1093 3576 eiusque
1117 3493 1293 3554 memorate
1317 3495 1423 3554 vestre
1446 3483 1704 3577 congregationis
1728 3483 1973 3556 monachorum.
1999 3505 2111 3555 omnes
2136 3506 2216 3576 pre-

794 3614 939 3700 ceptoras
963 3616 997 3678 ct
1019 3609 1238 3679 concessiones
1261 3631 1342 3702 quas
1357 3609 1476 3680 habent
1499 3611 1669 3682 memorati
1692 3611 1791 3681 vestri
1814 3610 1999 3684 monasterii
2023 3611 2064 3681 da
2083 3633 2142 3680 nos
2165 3610 2217 3678 si-

795 3731 865 3802 mul
889 3741 921 3802 ct
944 3733 983 3804 do
1008 3733 1141 3826 singulis
1157 3731 1343 3804 consulibus
1359 3741 1391 3804 et
1407 3731 1543 3805 ducibus
1558 3732 1651 3806 istius
1665 3725 1773 3806 nostre
1788 3734 1926 3805 civitatis
1941 3745 1997 3805 aut
2018 3735 2057 3804 da
2073 3734 2217 3828 partibus

713 3953 716 3958 Ι
797 3855 1072 3950 langobardorum
1111 3881 1176 3930 una
1210 3881 1287 3929 cum
1319 3881 1431 3930 omnes
1466 3856 1629 3930 chartulas
1665 3871 1698 3931 et
1736 3859 1917 3932 offertiones
1953 3883 2035 3954 quas
2074 3863 2217 3931 lecerunt

717 3977 719 3982 ’
796 3983 1066 4060 christianissimis
1088 3989 1168 4061 viris
1192 4012 1229 4059 ac
1251 3987 1444 4060 mulieribus
1468 3989 1501 4058 in
1526 3989 1640 4081 prelati
1665 3991 1764 4060 vestri
1793 3989 1992 4062 monasterii.
2010 3999 2043 4060 et
2071 4013 2174 4083 neque
2198 4015 2216 4058 a

795 4108 887 4182 nobis
911 4119 1106 4182 memoratus
1129 4112 1272 4183 marinus
1296 4113 1422 4184 domiui
1445 4113 1549 4204 gratia
1572 4113 1732 4184 consulet
1756 4115 1823 4185 dux
1847 4125 1943 4210 atque
1967 4116 2128 4210 imperiali
2154 4140 2217 4186 an·

796 4237 938 4332 thipatus
960 4239 1136 4334 patriciusr
1164 4263 1271 4336 neque
1295 4266 1324 4310 a.
1337 4239 1474 4333 posteris
1497 4242 1615 4312 nostris
1652 4239 1709 4336 qni
1743 4251 1816 4335 post
1839 4263 1898 4313 nos
1921 4244 2087 4314 innostro
2118 4267 2217 4314 onore

795 4363 933 4461 locoque
956 4365 1053 4438 duces
1077 4365 1267 4440 aeoeuednt
1290 4365 1381 4437 nullo
1414 4376 1559 4459 tempore
1595 4387 1761 4460 nunquam
1784 4391 1843 4440 vos
1874 4379 2053 4440 memorato
2085 4369 2216 4440 domino

794 4503 887 4586 patro
911 4494 1086 4568 veneravili
1109 4495 1215 4568 abbati
1230 4505 1287 4568 aut
1301 4490 1438 4587 posteris
1462 4493 1577 4564 vestris
1591 4491 1643 4564 vel
1658 4505 1853 4568 memoratus
1877 4504 2004 4568 sanetus
2026 4505 2130 4568 vester
2145 4520 2218 4566 mo·

793 4620 951 4692 nmurins
973 4623 1062 4716 quod
1087 4621 1170 4694 absit
1192 4620 1338 4693 habeatis
1355 4619 1395 4692 de
1412 4617 1564 4692 omnihus
1580 4617 1766 4692 memoratis
1789 4641 1854 4718 que
1868 4619 1960 4690 vohis
1973 4621 2120 4714 superius
2135 4643 2217 4691 con-

795 4742 948 4816 cessimus
971 4755 1004 4817 et
1013 4760 1016 4770 '
1026 4747 1225 4818 firmavimus
1249 4747 1387 4842 quahtu
1402 4747 1550 4842 superins
1564 4745 1682 4840 legitur
1695 4745 1865 4842 aliquando
1880 4771 2087 4844 quacumque
2102 4749 2218 4844 requi-

796 4868 912 4942 sitione
927 4877 984 4942 aut
1001 4871 1146 4942 molestia
1161 4896 1180 4942 a
1196 4895 1282 4944 nune
1298 4883 1331 4944 et
1346 4874 1555 4967 imperpetuis
1572 4873 1779 4966 temporibus.
1795 4897 1895 4968 quam
1910 4877 2113 4947 concessione
2127 4876 2218 4946 sicud

792 4996 941 5090 superius
958 4997 1076 5092 legitur
1099 5021 1118 5069 a
1141 4998 1234 5070 nohis
1257 5001 1340 5070 lacta
1356 4998 1524 5092 gregorius
1543 4999 1715 5092 primarius
1739 5000 1877 5074 scrihere
1889 5003 2090 5097 precepimus
2105 5002 2141 5074 in
2156 5025 2219 5096 qua
