4876 6532
1441 621 1558 720 (ur

794 779 890 848 lionis
914 785 950 850 ut
973 797 1069 872 super
1093 775 1211 870 legitur
1234 775 1275 848 sit
1298 773 1414 848 firma:
1447 776 1563 872 scripu
1594 797 1651 870 per
1686 795 1799 847 marrus
1827 773 1960 847 iobauui
1992 777 2121 849 curialis
2155 801 2213 872 per

795 905 955 976 nominata
980 906 1117 999 primma
1141 903 1316 976 indictione
1339 903 1370 997 ¹1·

889 1034 958 1124 ‚hoc
982 1033 1111 1125 siguum
1135 1029 1165 1125 †
1189 1053 1303 1102 marrus
1325 1031 1488 1104 nominate
1518 1031 1619 1104 marie
1648 1053 1724 1100 cum
1750 1051 1942 1101 consensum
1968 1031 2125 1103 nominali
2155 1034 2210 1103 is-

798 1157 903 1251 quiuli
926 1157 989 1227 riri
1013 1157 1063 1228 sui
1085 1180 1144 1227 seu
1167 1165 1199 1228 et
1223 1179 1297 1227 cum
1321 1177 1510 1227 consensum
1535 1155 1696 1226 nominate
1719 1176 1813 1226 maru
1837 1177 1990 1250 germane
2013 1178 2071 1228 sue
2094 1157 2207 1250 etipsa

797 1307 889 1354 maru
913 1305 988 1354 curn
1012 1281 1177 1356 voluntate
1200 1281 1268 1351 ursi
1291 1280 1355 1350 riri
1387 1279 1438 1350 sui
1461 1279 1548 1375 quod
1572 1301 1633 1371 ego
1658 1278 1716 1373 qui
1740 1278 1923 1351 nominatos
1954 1301 2016 1374 pro
2047 1280 2095 1351 eis
2124 1279 2205 1350 sub-

774 1411 908 1504 scripsi
933 1421 964 1480 et
988 1410 1189 1478 nominatum
1213 1407 1352 1500 pretium
1376 1408 1537 1477 confessus
1560 1406 1738 1500 percepisse
1760 1403 1792 1498 †

889 1537 919 1627 †
940 1556 1003 1625 ego
1026 1533 1179 1602 iohannes
1203 1533 1286 1603 filius
1310 1532 1432 1604 domiui
1464 1532 1560 1625 sergii
1584 1542 1716 1627 rogatus
1740 1557 1758 1601 s
1789 1535 2017 1630 suprascriptas
2053 1557 2204 1629 personas

797 1663 867 1733 sessi
890 1657 1061 1750 subscripsi
1085 1670 1117 1728 et
1141 1660 1390 1752 suprascriptum
1413 1661 1552 1752 pretium
1576 1662 1738 1731 coufessus
1762 1660 1938 1753 percepisse
1962 1659 1993 1754 †

797 1815 800 1820 ·
890 1784 920 1877 †
943 1807 1005 1876 ego
1029 1785 1197 1878 gregorius
1221 1785 1304 1854 filius
1327 1785 1450 1857 domiui
1467 1786 1610 1880 stephani
1626 1797 1757 1880 rogatus
1773 1811 1792 1856 a
1808 1788 2035 1880 suprascriptus
2052 1807 2203 1879 personas

796 1913 867 1982 resti
891 1910 1062 2003 subscripsi
1086 1921 1118 1982 et
1140 1913 1390 2006 suprascriptum
1413 1914 1553 2007 pretium
1576 1915 1737 1984 coufessus
1761 1913 1937 2006 percepisse
1960 1912 1992 2004 †

887 2034 917 2126 †
940 2056 1002 2126 ego
1024 2037 1162 2105 stefanus
1184 2035 1270 2104 filius
1293 2035 1416 2105 domiui
1440 2036 1585 2107 iohannis
1609 2047 1740 2130 rogatus
1764 2037 2028 2130 usuprascriptas
2053 2059 2202 2130 personas

796 2159 866 2230 testi
890 2157 1060 2248 subscripsi
1084 2165 1116 2226 et
1138 2159 1389 2251 suprascriptum
1413 2160 1552 2252 pretium
1576 2164 1735 2230 consessus
1759 2141 1937 2253 percepisse
1961 2157 1993 2252 †

795 2329 799 2336 -
889 2281 1005 2374 †ego
1028 2280 1181 2351 iohannes
1203 2281 1339 2353 Curislis
1369 2284 1427 2376 qui
1460 2284 1640 2354 nominatos
1675 2295 1747 2376 post
1776 2284 2042 2382 subscriptionem
2073 2285 2201 2357 tertium

794 2401 959 2496 Complevi
982 2431 1040 2500 per
1063 2407 1222 2480 nominate
1246 2405 1383 2502 primma
1406 2404 1579 2477 indictione
1602 2401 1634 2503 †
