4876 6532
1396 645 1549 738 (nro)

763 808 970 882 infructiferis
993 815 1026 882 et
1049 829 1126 882 cum
1148 806 1217 880 bias
1241 817 1274 881 et
1297 807 1445 880 introitus
1468 827 1582 880 aarum
1604 813 1638 878 ct
1660 803 1811 878 omuibus
1834 807 1881 880 eis
1897 810 2090 903 generaliter
2105 823 2137 886 et
2153 816 2188 888 io

762 937 890 1030 integro
913 935 1144 1031 pertinentibus
1169 934 1347 1028 pertinente
1370 932 1452 1006 mihi
1476 931 1681 1028 oquendum
1709 941 1887 1006 memorate
1921 936 2079 1030 genitrice
2102 963 2186 1016 meo.

764 1083 928 1156 quamque
953 1069 986 1133 et
1009 1067 1202 1130 memoratas
1233 1058 1373 1154 integras
1408 1057 1576 1130 sexuncius
1609 1079 1697 1130 meas
1720 1059 1810 1154 quod
1833 1067 1881 1131 est
1904 1062 2111 1137 medietatem
2146 1069 2187 1142 ds

758 1197 978 1259 memoratum
1002 1185 1165 1281 integrum
1189 1185 1338 1257 fundum.
1364 1193 1397 1256 at
1419 1185 1459 1256 de
1483 1201 1594 1256 omnes
1626 1192 1729 1256 turos
1753 1183 1856 1256 entus
1878 1193 1912 1259 et
1933 1209 2002 1270 uon
2025 1189 2127 1264 cuitus
2153 1209 2186 1271 st
2282 1225 2290 1234 ·

760 1318 801 1389 de
824 1316 912 1389 silvis
935 1325 968 1390 et
991 1315 1032 1388 de
1055 1314 1204 1408 g'nternir
1226 1313 1339 1406 popitis
1361 1312 1397 1382 in
1418 1321 1600 1382 nmmo
1620 1310 1695 1382 loeo
1717 1333 1912 1386 namnum
1946 1315 2016 1390 ua·
2039 1341 2116 1392 oum
2131 1345 2186 1394 ar·

764 1441 897 1514 veribus
920 1439 1092 1511 fructiferis
1115 1435 1168 1506 vel
1191 1435 1399 1506 infructiferis
1430 1435 1530 1506 simol
1557 1427 1634 1506 cum
1661 1437 1809 1514 introitus
1841 1455 2011 1516 canumet
2034 1449 2184 1522 omnibus

762 1571 809 1640 eis
833 1562 1063 1662 pertinentibus
1086 1559 1264 1654 pertinente
1290 1559 1371 1630 mihi
1387 1585 1407 1630 a
1423 1562 1588 1656 qucum
1611 1575 1790 1638 memorata
1805 1567 1962 1661 genitrice
1978 1593 2064 1646 mea:
2081 1587 2129 1648 sss
2143 1589 2180 1648 ut

761 1695 907 1789 superius
930 1689 1001 1762 dixi
1024 1697 1215 1760 memoratos
1238 1689 1379 1782 integras
1412 1691 1582 1766 sexanoias
1609 1694 1699 1789 quod
1732 1701 1783 1766 est
1802 1693 2015 1770 *medietatem
2040 1703 2080 1773 de
2104 1688 2185 1776 mre-¹

761 1827 923 1892 moretum
947 1816 1111 1908 integrum
1137 1814 1275 1885 fundum
1298 1819 1331 1884 et
1354 1815 1393 1886 de
1418 1838 1530 1887 omnes
1563 1827 1664 1908 terras
1687 1820 1789 1892 euos
1813 1831 1847 1894 et
1869 1843 1935 1896 non
1959 1825 2063 1896 cultas
2085 1837 2119 1898 ot
2142 1832 2182 1908 de

757 1943 846 2018 silisis
868 1951 902 2012 et
925 1939 1073 2034 gisternis
1096 1938 1137 2009 de
1159 1947 1340 2008 memorato
1363 1939 1437 2010 loeo
1459 1963 1630 2014 maranum
1646 1943 1800 2016 indivisos
1815 1945 1936 2020 miscet
1950 1969 2027 2020 cum
2041 1951 2181 2046 reliquos

758 2071 835 2142 alias
857 2067 1027 2139 sexuncias
1050 2066 1139 2160 quod
1162 2075 1211 2138 ost
1235 2067 1442 2138 medietatem
1464 2082 1643 2141 memorata
1667 2075 1824 2166 euproxia
1853 2076 1912 2170 qui
1935 2097 2034 2170 supro
2063 2101 2180 2154 nomen

757 2217 884 2294 gemm
908 2215 1059 2290 germane
1084 2217 1180 2266 mea:
1207 2197 1259 2267 De
1281 2217 1347 2290 qua
1371 2197 1456 2268 nihil
1488 2197 1571 2268 mihi
1596 2198 1714 2272 exindo
1747 2201 1902 2272 remmsit
1924 2213 1973 2273 sot
1995 2202 2031 2274 in
2054 2205 2181 2300 integro

755 2327 840 2398 sicut
855 2325 1002 2420 superius
1018 2323 1179 2416 legimur
1195 2346 1249 2396 ma
1264 2323 1357 2396 vobis
1372 2334 1405 2396 et
1420 2326 1455 2396 in
1475 2335 1656 2398 memorato
1674 2336 1785 2399 saneto
1803 2337 1912 2400 vestm
1926 2333 2123 2404 monasterio
2137 2335 2180 2405 sit

755 2454 908 2526 offertum
931 2461 964 2522 at
986 2449 1141 2522 traditum
1164 2450 1200 2520 in
1221 2461 1328 2520 vestra
1352 2451 1555 2545 posterisque
1576 2452 1692 2524 vestris
1714 2461 1892 2550 §motoque
1923 2466 2031 2529 restro
2059 2479 2181 2530 mona·

755 2581 855 2653 sterio
870 2579 912 2649 sit
927 2585 1084 2673 potestate
1106 2575 1267 2672 quidquid
1290 2579 1409 2650 exinde
1426 2580 1532 2652 facore
1547 2579 1729 2653 volueritise
1747 2583 1884 2655 liveram
1895 2607 2023 2680 semper
2038 2587 2182 2662 habeatis

636 2735 639 2742 ⁴
754 2715 966 2802 potestatems
992 2715 1025 2777 et
1046 2727 1153 2800 neque
1176 2729 1195 2774 a
1218 2727 1273 2778 mo
1295 2719 1478 2780 memorato
1498 2709 1639 2782 iohanne
1662 2709 1824 2782 monacho
1847 2733 1954 2808 neque
1970 2735 1990 2782 a
2007 2714 2089 2784 meis
2112 2714 2178 2784 ha-

754 2833 885 2906 redibus
904 2854 964 2904 uec
981 2830 1106 2902 anobis
1129 2831 1278 2924 personis
1297 2833 1476 2904 summissis
1499 2831 1589 2904 ottilo
1612 2843 1759 2928 tempore
1774 2857 1954 2931 numquam
1969 2859 2028 2909 vos
2045 2861 2177 2912 merno-

755 2970 827 3027 rato
851 2957 984 3030 donnino
1007 2955 1114 3048 sergio
1136 2954 1314 3026 venerabili
1337 2955 1492 3049 igumeno
1514 2969 1571 3026 out
1599 2959 1736 3050 posteris
1765 2957 1880 3030 vestris
1904 2959 1956 3032 vel
1980 2973 2177 3034 memoratus

755 3092 885 3156 suanm
898 3093 933 3154 et
946 3081 1137 3154 venerabilis
1152 3091 1258 3156 vester
1272 3083 1486 3156 monasterius
1501 3084 1590 3176 quod
1607 3083 1689 3154 absit
1711 3082 1855 3155 habeam
1871 3086 1989 3160 exinde
2006 3087 2178 3182 aliquando

753 3231 982 3307 quamcunque
996 3210 1242 3305 requisitionem
1256 3219 1312 3281 aut
1328 3209 1509 3281 molestiam
1532 3228 1652 3280 anona
1676 3223 1710 3283 et
1732 3211 1768 3282 in
1783 3213 1946 3305 perpetuis
1959 3215 2174 3307 temporibus:

753 3363 815 3434 pro
839 3362 880 3412 eo
902 3339 990 3434 qnod
1013 3339 1048 3409 in
1071 3317 1211 3432 presenti
1234 3336 1344 3430 occepi
1361 3363 1379 3406 a
1403 3337 1496 3407 vobis
1511 3357 1572 3430 pro
1585 3334 1782 3408 memoratis¹
1795 3338 1965 3409 somnone
1979 3361 2066 3412 meas
2082 3343 2186 3443 quodi

753 3478 801 3541 est
825 3467 1028 3538 medietatam
1051 3467 1091 3536 de
1115 3467 1278 3556 integmm
1300 3463 1437 3534 fundum
1460 3473 1494 3534 ct
1515 3464 1556 3535 do
1579 3469 1681 3534 tarrae
1703 3471 1737 3534 ct
1760 3464 1799 3535 de
1821 3463 1911 3534 siihis
1924 3473 1958 3536 et
1972 3464 2014 3537 de
2027 3465 2178 3557 gistsrnir

752 3599 793 3666 de
816 3601 994 3682 memorato
1017 3594 1090 3664 ioco
1114 3611 1285 3663 moranum
1306 3611 1346 3659 oc
1370 3599 1418 3661 est
1440 3589 1513 3660 auri
1535 3588 1655 3662 solidos
1677 3589 1795 3660 nobem
1816 3589 2020 3685 bythiantaos
2042 3593 2078 3662 in
2093 3615 2174 3664 can-

751 3737 842 3794 tum:
862 3725 906 3794 Ut
927 3722 1015 3802 inter
1036 3721 1132 3790 uobis
1153 3718 1329 3790 comvenit:
1348 3727 1573 3789 venmnmen
1595 3717 1683 3788 stetit
1698 3727 1730 3787 et
1745 3717 1901 3809 promitto
1923 3713 2017 3787 vobis
2040 3729 2173 3812 propter

750 3853 841 3944 quod
864 3871 923 3919 vos
946 3848 1028 3920 mihi
1052 3848 1087 3916 in
1111 3857 1291 3917 memorato
1313 3835 1432 3915 ‘vestro
1463 3843 1658 3916 monasterio
1687 3843 1852 3937 recepistis
1883 3844 1969 3915 inter
1997 3856 2175 3917 memorato

749 3977 1007 4072 congregationis
1031 3983 1135 4044 vestra
1156 3974 1393 4054 monachorum
1416 3983 1450 4042 et
1473 3995 1526 4041 mc
1550 3969 1745 4042 monachum
1768 3971 1902 4042 tmen:
1921 3979 1954 4044 ot
1976 3993 2030 4044 me
2051 3974 2176 4044 uuuiro

749 4116 782 4172 et
805 4099 922 4171 bonine
946 4119 1003 4167 seu
1027 4097 1162 4166 calciare
1186 4095 1282 4164 sicuti
1307 4097 1421 4164 ceteris
1437 4093 1587 4166 monachi
1611 4093 1771 4165 cenobiati
1793 4096 1835 4167 de
1858 4106 2038 4168 memorato
2065 4109 2177 4170 sancto

747 4239 855 4296 vestro
878 4220 1085 4300 monasterio:
1107 4221 1246 4314 ideoque
1263 4227 1295 4290 et
1310 4231 1373 4311 ego
1390 4220 1544 4311 promitto
1561 4219 1652 4290 vobis
1676 4229 1713 4289 ot
1726 4219 2006 4296 omnihus'dr'ebus
2021 4221 2090 4294 rito
2101 4247 2176 4298 maa

748 4353 782 4421 in
807 4357 985 4422 memorato
1014 4358 1124 4418 saneto
1157 4357 1275 4434 uestro·
1300 4347 1496 4420 monasterio
1519 4369 1588 4418 esse
1611 4349 1766 4443 promitto
1789 4357 1823 4420 et
1844 4350 1914 4422 dies
1945 4349 2026 4421 meis
2054 4349 2175 4424 fudam

748 4478 841 4547 finire
865 4476 1019 4568 promitto
1044 4483 1076 4545 et
1099 4495 1229 4545 omnem
1253 4483 1397 4544 vestrum
1422 4473 1596 4567 imperium
1612 4495 1670 4544 seu
1685 4473 1827 4546 irrssione
1842 4485 1949 4547 veson
1964 4478 2072 4548 facero
2088 4497 2174 4568 pro-

746 4603 843 4674 r·.²tto
865 4611 902 4672 ut
925 4611 1031 4672 sancte
1055 4601 1166 4693 regula
1191 4601 1285 4672 docet
1309 4593 1522 4681 heatiffbasiii
1547 4611 1585 4671 ete
1602 4621 1669 4673 non
1704 4601 1831 4674 hone
1855 4601 2019 4674 Boeotiam
2042 4627 2106 4698 ego
2132 4605 2173 4676 do

747 4735 928 4798 memorato
951 4737 1061 4797 sancto
1084 4737 1192 4795 vestro
1225 4727 1421 4796 monasterio
1442 4727 1513 4797 sine
1537 4737 1643 4797 veroa
1673 4727 1816 4799 irmiono
1847 4729 1941 4801 exire
1962 4750 2023 4823 per
2045 4729 2173 4800 nolim

744 4853 880 4928 modum
903 4865 942 4927 et
959 4849 987 4926 si
1010 4875 1071 4949 ego
1088 4855 1156 4926 sine
1180 4863 1285 4926 vestre
1309 4855 1450 4925 iussione
1474 4857 1514 4926 de
1538 4849 1717 4924 memorati
1741 4863 1852 4926 sanem
1875 4857 2173 4930 senserimus

743 4985 779 5054 in
801 4983 920 5078 quouis
942 4985 1025 5056 taeo.
1039 4983 1109 5054 iero
1132 4993 1210 5056 tunc
1233 4981 1335 5052 licead
1360 5002 1418 5052 rus
1441 4981 1540 5051 misso
1555 4995 1673 5062 ,vesun
1703 4981 1845 5078 dirigere
1871 4991 1905 5059 ot
1929 5007 1983 5057 mo
2005 4985 2172 5080 requiram
