4876 6532
926 600 1053 688 (5⁹)

914 878 1055 948 LXXIX.

369 1037 393 1074 O

369 1131 400 1226 †
424 1127 615 1202 innomine
639 1127 761 1200 domini
785 1128 835 1200 dei
859 1127 1026 1200 salvatoris
1048 1127 1150 1199 nostri
1172 1126 1267 1198 ihesu
1290 1125 1409 1198 Christi
1425 1129 1603 1222 Imperante
1626 1139 1692 1208 do-
1766 1171 1819 1220 an,
1944 1115 1948 1138 ³

276 1260 365 1330 mino
389 1271 499 1331 nostro
523 1258 731 1330 Constantino
761 1279 880 1350 magno
903 1259 1097 1350 Imperatore
1127 1277 1211 1326 anno
1234 1255 1479 1348 quadragesimo
1502 1280 1607 1330 nono:
1635 1265 1691 1333 scd
1743 1285 1830 1346 957,

278 1395 309 1456 et
332 1407 467 1455 romano
490 1407 608 1476 magno
632 1383 825 1476 imperatore
849 1382 918 1453 eius
941 1381 1011 1451 tilio
1033 1404 1117 1450 anno
1141 1382 1353 1452 duodecimo:
1379 1383 1432 1453 die
1460 1381 1610 1454 vicesima
1631 1409 1690 1457 sc·

277 1514 379 1584 cunda
402 1509 519 1582 mensis
542 1511 643 1602 magii
667 1509 844 1580 indictione
870 1506 1107 1601 quintadecima
1131 1508 1280 1601 neapoli:
1316 1509 1448 1579 &mum
1470 1519 1519 1578 ost
1542 1533 1594 1581 me
1619 1519 1691 1582 ste-

280 1640 424 1734 pbanum
446 1640 551 1710 fitium
575 1639 738 1732 qnondam
763 1635 887 1707 domini
911 1635 1084 1706 iohannis:
1124 1661 1142 1706 a
1177 1636 1318 1730 presenti
1349 1638 1401 1718 die
1434 1639 1631 1708 commutavi
1656 1649 1690 1711 et

278 1767 395 1838 tradidi
418 1767 477 1836 tibi
502 1765 630 1836 domina
654 1761 756 1834 maria
779 1761 913 1832 honesta
938 1766 1057 1834 femina
1080 1763 1190 1856 nepoti
1214 1786 1285 1834 mea
1302 1762 1367 1832 filia
1384 1761 1546 1855 quondam
1567 1763 1692 1835 domini

280 1893 410 1964 anatolii
434 1892 547 1962 conius
568 1891 706 1982 presenti
730 1890 852 1959 domini
877 1891 1022 1961 marini:
1059 1894 1143 1962 ldest
1166 1893 1292 1985 integra
1315 1915 1380 1961 una
1406 1900 1491 1960 terra
1523 1911 1596 1960 mea
1628 1915 1694 1985 que

280 2028 417 2088 vocatur
431 2027 637 2110 pastoranum
661 2015 762 2110 posita
779 2017 813 2086 in
830 2015 901 2086 loco
922 2017 980 2112 qui
997 2028 1132 2088 vocatur
1155 1987 1249 2088 casali
1274 2019 1409 2088 enniana
1426 2016 1484 2108 qui
1499 2039 1557 2086 nos
1574 2018 1691 2088 exinde

279 2145 314 2215 in
340 2147 487 2237 portione
511 2143 617 2236 tetigit
652 2145 691 2216 de
723 2149 886 2240 quondam
921 2147 1050 2216 domina
1076 2171 1158 2216 anna
1181 2147 1369 2238 genitricem
1394 2153 1480 2214 tuam
1506 2167 1692 2237 germanam

281 2280 422 2346 nostr-am
454 2289 513 2361 per
533 2269 714 2340 chartulam
744 2272 857 2342 notitie
893 2296 957 2342 una
994 2295 1069 2344 cum
1103 2273 1271 2343 arboribus
1295 2285 1327 2341 et
1349 2272 1518 2342 introitum
1541 2295 1635 2354 suum
1659 2281 1692 2347 et
1797 2283 1805 2294 '

283 2393 431 2468 omnibus
458 2393 518 2462 sivi
552 2393 784 2486 pertinentibus
817 2401 849 2463 et
880 2395 1012 2464 coheret
1042 2395 1103 2462 sivi
1126 2396 1167 2462 ab
1190 2417 1256 2464 nno
1279 2396 1382 2486 capite
1407 2397 1458 2466 ria
1482 2397 1608 2489 publico
1633 2396 1692 2492 qui
1719 2438 1724 2446 ·

281 2524 384 2616 pergit
407 2531 440 2592 at
462 2519 648 2590 casaceiiere
672 2528 704 2590 et
728 2519 769 2590 da
793 2517 919 2590 duobus
946 2519 1098 2590 lateribus
1120 2529 1205 2590 terra
1230 2521 1364 2594 heredes
1388 2523 1471 2615 petri
1487 2524 1576 2592 surdi
1599 2533 1632 2593 et
1649 2525 1689 2594 ab

283 2647 347 2718 alio
370 2646 473 2740 capite
496 2653 543 2714 est
566 2653 651 2714 terra
676 2653 731 2714 tua
756 2641 934 2734 pertinente
966 2643 1025 2712 tibi
1053 2667 1111 2736 per
1135 2654 1311 2714 memorata
1335 2647 1465 2718 domina
1489 2673 1570 2719 antra
1587 2651 1695 2742 geni-

282 2775 362 2845 trice
385 2782 442 2842 tua
465 2781 497 2843 et
520 2797 557 2844 ea
580 2771 616 2840 in
638 2771 789 2865 portione
812 2769 919 2862 tetigit
943 2795 961 2838 o
985 2771 1152 2864 nosipsos
1175 2773 1261 2843 unde
1285 2773 1365 2843 nihii
1389 2775 1470 2844 mibi
1494 2777 1610 2846 exinde
1629 2775 1694 2844 ali-

285 2903 374 2994 quod
397 2900 482 2970 intus
504 2898 587 2991 ipsas
611 2899 810 2968 coherentias
832 2897 985 2969 remansit
1009 2907 1065 2970 aut
1088 2900 1274 2970 reserbavi:
1309 2911 1356 2972 set
1381 2928 1398 2970 a
1422 2906 1559 2996 presenti
1584 2902 1635 2974 die
1660 2911 1692 2974 et

284 3023 433 3115 deinceps
456 3046 476 3090 a
499 3045 550 3092 me
574 3019 633 3090 tibi
656 3020 698 3089 sit
722 3029 918 3090 commutata
953 3031 985 3090 et
1019 3019 1135 3091 :tradita
1167 3021 1202 3088 in
1224 3030 1279 3090 tua
1303 3023 1432 3115 tuisque
1457 3023 1627 3096 heredibus
1651 3025 1693 3096 sit

286 3154 441 3242 potestate
464 3145 622 3238 quidquid
645 3144 761 3215 exinde
784 3147 887 3216 tacere
912 3144 1104 3217 volueritis:
1138 3156 1170 3216 et
1193 3171 1299 3239 neque
1324 3171 1342 3215 a
1365 3169 1417 3217 me
1441 3173 1545 3243 neque
1570 3175 1589 3220 a
1612 3152 1694 3221 meis

285 3273 455 3344 heredibus
479 3295 538 3340 nec
563 3297 581 3340 a
604 3271 697 3341 nobis
720 3273 864 3363 personis
887 3271 1064 3342 summissis
1087 3273 1177 3340 nullo
1201 3284 1346 3364 tempore
1379 3299 1556 3367 numquam
1581 3285 1617 3346 tu
1641 3287 1697 3346 aut

285 3398 456 3471 heredibus
475 3398 542 3466 tuis
565 3399 652 3490 quod
676 3397 756 3466 absit
780 3397 900 3468 abeatis
924 3397 1040 3466 exinde
1065 3419 1269 3490 quacumque
1306 3399 1516 3489 requisitione
1541 3409 1596 3466 aut
1619 3423 1699 3469 mo·

179 3531 187 3544 '
286 3523 376 3596 lestis
398 3547 418 3592 a
440 3545 525 3592 nunc
548 3533 581 3592 et
605 3522 639 3592 in
663 3523 825 3615 perpetuis
853 3523 1080 3614 temporibus:
1114 3523 1245 3615 insuper
1277 3523 1431 3614 promitto
1463 3523 1521 3592 tibi
1547 3533 1584 3594 ut
1608 3528 1698 3596 omni

286 3658 431 3740 tempore
454 3669 516 3739 ego
539 3655 572 3718 et
594 3647 727 3717 heredes
751 3647 831 3716 meis
855 3644 913 3713 tibi
938 3648 1067 3739 tuisque
1091 3647 1261 3715 heredibus
1285 3645 1400 3716 exinde
1425 3646 1562 3738 desuper
1585 3648 1699 3722 toliere

288 3773 460 3845 debeamus
493 3773 647 3840 anastasio
682 3794 835 3864 germano
866 3794 940 3840 meo
974 3781 1007 3840 et
1039 3762 1169 3842 domina
1194 3771 1343 3863 gregoria
1366 3773 1522 3841 monacha
1546 3797 1700 3864 germana

285 3921 356 3970 mea
382 3905 414 3966 et
437 3897 569 3968 heredes
592 3897 721 3967 iliorum
744 3875 865 3988 absque
889 3896 978 3965 omni
1001 3905 1107 3966 vestra
1131 3896 1379 3966 amaricatione:
1405 3905 1536 3988 propter
1560 3899 1648 3991 quod
1669 3910 1703 3968 at

288 4026 390 4098 vicem
407 4024 441 4094 in
457 4023 706 4094 commutatione
723 4023 830 4112 accepi
848 4047 865 4088 a
882 4030 913 4090 te
939 4021 1054 4092 exinde
1071 4023 1104 4092 in
1121 4023 1277 4114 presentis
1294 4020 1376 4092 idest
1391 4023 1515 4114 integra
1534 4047 1598 4092 una
1615 4034 1702 4096 terra

289 4159 343 4222 tua
359 4172 422 4243 que
438 4146 623 4216 nominatur
635 4144 754 4214 viniole
769 4144 870 4236 posita
885 4143 920 4214 in
931 4144 1026 4214 casali
1039 4145 1174 4216 enniana
1190 4170 1254 4216 una
1269 4168 1345 4216 eum
1358 4146 1526 4216 arboribus
1538 4157 1569 4216 et
1584 4147 1701 4218 introi·

290 4287 365 4366 tum
383 4298 478 4347 suum
501 4283 534 4344 et
548 4273 696 4342 omnibns
712 4271 773 4342 sivi
790 4272 1021 4364 pertinentibus
1037 4273 1215 4366 pertinente
1231 4274 1291 4342 tibi
1309 4301 1327 4342 a
1343 4275 1505 4366 quondam
1522 4286 1698 4345 memorata

291 4427 371 4472 anna
388 4401 581 4494 genetricem
610 4409 666 4468 tua
689 4406 721 4466 et
744 4422 781 4466 ea
806 4395 839 4466 in
864 4396 1011 4488 portione
1034 4397 1139 4488 tetigit
1155 4423 1173 4465 a
1192 4420 1249 4466 nos
1270 4396 1346 4488 ipsis
1370 4402 1605 4492 propterquod
1629 4401 1699 4472 ilias

291 4535 472 4620 comparata
497 4525 586 4594 abuit
607 4530 784 4594 memorato
800 4522 932 4590 domino
948 4523 1085 4592 iohanne
1101 4523 1238 4614 genitori
1255 4547 1329 4593 meo
1346 4524 1419 4594 abio
1436 4534 1492 4594 tuo
1517 4533 1550 4595 et
1570 4527 1701 4597 coheres

292 4652 353 4722 siri
377 4651 417 4724 ab
439 4672 506 4719 uno
531 4648 627 4716 latere
643 4655 676 4716 et
691 4648 731 4716 do
746 4665 813 4716 uno
829 4646 931 4736 capite
948 4646 1000 4714 vis
1015 4646 1142 4738 publica
1165 4655 1198 4717 et
1215 4647 1255 4714 ab
1271 4647 1334 4717 aiio
1357 4648 1456 4719 tatere
1472 4659 1556 4720 terra
1573 4649 1706 4723 heredes

293 4774 438 4868 stephani
461 4771 568 4842 coloni
593 4781 625 4842 et
649 4771 689 4841 ab
706 4771 769 4841 alio
784 4771 886 4862 capite
903 4780 986 4840 terra
1003 4771 1143 4840 sadoaldi
1161 4771 1320 4864 capuani:
1349 4771 1480 4866 insuper
1501 4785 1532 4846 et
1547 4785 1579 4842 at
1594 4774 1699 4846 bicem

294 4898 539 4970 commutmtitis
560 4895 641 4968 mibi
665 4906 697 4968 et
720 4895 843 4990 integra
867 4893 960 4966 tertis
983 4903 1039 4964 tua
1062 4895 1102 4966 de
1125 4893 1248 4990 integra
1264 4896 1325 4966 alia
1341 4905 1424 4967 terra
1440 4921 1505 4992 que
1520 4897 1704 4968 nomintaur
