4876 6532
1409 663 1551 759 (tto)

1454 893 1777 1024 cuv.

654 1217 708 1271 an.
867 1202 958 1298 †ln
991 1203 1126 1276 nomine
1159 1201 1287 1274 domini
1318 1203 1372 1276 dei
1394 1204 1566 1276 salvatoris
1594 1209 1698 1276 nostri
1728 1203 1826 1276 ihesu
1860 1203 1982 1278 Christi
2015 1208 2194 1302 imperante

630 1328 719 1396 964·
775 1329 907 1404 domino
930 1336 1041 1402 nostro
1064 1327 1235 1420 nicipboro
1258 1347 1376 1417 magno
1407 1327 1604 1418 Imperatore
1617 1415 1625 1430 ·
1640 1351 1724 1398 anno
1752 1331 1914 1402 secundo:
1952 1331 2016 1402 nie
2040 1332 2193 1406 vicesima

773 1452 880 1548 prima
903 1453 1021 1524 mensis
1045 1448 1231 1542 septembrii
1254 1430 1429 1520 indictione
1452 1447 1565 1520 octaba
1586 1449 1950 1546 neapolinDispositum
1966 1455 2086 1528 lactum
2100 1481 2120 1527 a
2136 1478 2190 1528 me

776 1602 860 1650 anna
882 1576 947 1646 filia
970 1574 1134 1668 quondam
1150 1619 1198 1659 ..¹
1199 1621 1541 1646 ...............
1571 1575 1630 1668 qui
1654 1577 1940 1670 cognominabatur
1962 1581 2001 1652 do
2024 1580 2127 1654 maria
2150 1582 2193 1654 de

775 1702 907 1798 pacifica
927 1697 1039 1772 relicta
1062 1707 1171 1770 autom
1193 1700 1358 1792 quondam
1379 1699 1479 1772 leoni.
1505 1703 1546 1774 de
1569 1699 1641 1773 loco
1664 1703 1723 1798 qui
1747 1704 1945 1776 nominatur.
1960 1755 1970 1774 .
1984 1739 2004 1772 .·
2008 1753 2186 1776 ........

782 1870 1031 1900 ...........
1062 1825 1151 1919 quod
1173 1831 1222 1936 est
1244 1825 1336 1896 iuxta
1358 1825 1572 1918 pumilionum
1599 1827 1679 1898 ioris
1703 1849 1815 1898 arcora
1848 1829 1972 1902 dudum
1994 1831 2195 1924 aqueductus

777 1925 843 2026 una
865 1972 942 2023 cum
949 1998 1562 2024 ..........................
1589 1950 1777 2022 subdiaconi
1801 1949 1860 2023 filii
1883 1953 1962 2024 moi.
1986 1953 2110 2047 etipse
2134 1978 2192 2048 pro

778 2078 850 2149 vice
873 2083 987 2148 suaet
1009 2076 1164 2171 previos
1187 2077 1290 2148 mario
1312 2085 1346 2149 et
1368 2078 1488 2149 mundo
1511 2084 1545 2149 et
1569 2076 1701 2148 iobanni
1723 2077 1788 2148 iilia
1795 2125 2043 2150 ...........
2051 2139 2053 2144 .
2055 2129 2182 2150 ......

785 2247 1057 2277 ............
1087 2223 1155 2275 esse
1177 2204 1301 2276 videor.
1325 2205 1366 2276 de
1389 2227 1523 2279 omnem
1545 2227 1651 2276 meam
1674 2214 1708 2276 et
1729 2204 1898 2276 memorati
1924 2203 1986 2276 riri
2007 2205 2073 2276 inei
2095 2203 2196 2278 here-

780 2331 880 2404 ditate
903 2352 961 2404 seu
983 2306 1158 2400 substantia
1180 2329 1319 2424 qualiter
1327 2380 1599 2404 ............
1608 2373 1611 2379 ‹
1613 2379 2189 2404 .........................

780 2476 861 2526 saro
883 2454 1015 2526 firmum
1038 2459 1070 2522 et
1084 2449 1231 2524 sterilem
1254 2461 1439 2546 permaneat
1462 2455 1724 2550 imperpetuum:
1745 2454 1887 2548 primum
1902 2455 2049 2526 omnium
2064 2454 2198 2549 dispono

780 2593 818 2656 ut
841 2585 882 2656 ad
906 2585 959 2656 die
983 2604 1083 2679 quam
1105 2581 1218 2654 oviero
1224 2629 1831 2656 ..........................
1862 2582 1936 2653 filiis
1959 2592 1992 2654 et
2015 2581 2097 2654 filias
2119 2583 2200 2654 meis

690 2763 692 2766 .
783 2730 844 2803 pro
867 2708 974 2780 anima
997 2729 1069 2778 mea
1093 2707 1177 2779 idest
1200 2707 1273 2776 curi
1294 2705 1416 2778 sobdos
1439 2708 1584 2802 quinquo
1612 2679 1815 2802 bythianteos
1837 2728 1895 2800 per
1918 2729 2051 2778 manum
2077 2705 2200 2806 domini

782 2834 882 2927 sergii
904 2831 1095 2906 venerabilis
1118 2832 1273 2927 ygumeni
1296 2830 1482 2904 monasterii
1503 2839 1688 2902 sanctorum
1714 2831 1813 2924 sergii
1844 2841 1877 2903 et
1899 2831 2010 2902 baschi
2032 2831 2090 2928 qui
2114 2855 2200 2905 nunc

785 2965 999 3054 congregatus
1033 2981 1068 3031 es
1097 2958 1350 3044 inmonasterio
1372 2967 1558 3032 sanctorum
1579 2958 1728 3030 theodori
1756 2969 1788 3030 et
1818 2959 1985 3031 sebastiani
2010 2959 2069 3054 qui
2093 2960 2200 3054 appel-

783 3081 871 3154 latur
895 3080 1051 3176 casapicta
1074 3080 1172 3154 situm
1194 3081 1229 3152 in
1253 3080 1418 3154 viridario.
1448 3090 1481 3164 et
1504 3082 1695 3154 distribuant
1718 3105 1774 3156 eos
1797 3107 1857 3179 pro
1880 3083 1987 3154 anima
2010 3106 2082 3154 mee
2105 3083 2139 3156 iu
2160 3105 2201 3154 oe

785 3208 923 3282 bordino
945 3209 1116 3304 inprimis
1140 3208 1231 3282 abeat
1254 3208 1317 3282 sivi
1341 3233 1383 3280 ex
1407 3231 1462 3280 eos
1486 3209 1605 3280 solidos
1638 3211 1719 3280 duos
1749 3217 1782 3284 et
1816 3209 1955 3280 scribant
1977 3209 2101 3282 nomini
2125 3231 2200 3283 meo

786 3339 823 3408 in
846 3359 954 3408 saeros
977 3337 1124 3432 dypticos
1147 3337 1248 3430 ipsius
1271 3335 1470 3407 monasterii.
1500 3343 1533 3408 et
1556 3335 1592 3405 in
1618 3345 1775 3431 quantum
1804 3335 1948 3430 potuerit
1970 3345 2069 3429 ponat
2091 3358 2144 3408 me
2167 3335 2203 3408 in

788 3463 943 3535 chartulis
965 3462 1066 3534 sancti
1089 3461 1201 3533 thome
1225 3469 1258 3532 et
1280 3459 1315 3530 in
1339 3459 1493 3530 chartulis
1525 3460 1625 3532 sancti
1660 3459 1844 3552 archangeli
1878 3459 2047 3553 adsigna.
2082 3461 2203 3558 reliqui

787 3613 869 3662 vero
891 3613 950 3684 per
972 3607 1132 3682 pauperos
1156 3587 1293 3656 fratrum
1315 3581 1428 3654 christi
1450 3581 1508 3652 ubi
1531 3582 1599 3676 ipse
1623 3583 1738 3654 melius
1772 3585 1918 3677 previsus
1941 3585 2048 3656 luerit.
2077 3581 2204 3661 namsi

788 3714 975 3788 memoratis
999 3713 1072 3786 filiis
1096 3721 1129 3785 et
1151 3711 1233 3784 filias
1257 3711 1337 3784 meis
1367 3711 1409 3782 ad
1432 3731 1508 3782 eum
1542 3709 1727 3781 dilationem
1759 3711 1905 3782 miserint
1936 3711 2097 3805 predictos
2123 3711 2204 3783 soli-

790 3843 847 3916 dos
872 3841 969 3914 dandi
991 3848 1069 3910 tunc
1091 3839 1253 3910 licentiam
1269 3848 1302 3908 ct
1317 3843 1507 3930 potestatem
1530 3836 1646 3908 babeat
1669 3837 1829 3930 predictus
1853 3859 2034 3932 ygumenus
2050 3859 2205 3932 appreen-

791 3969 869 4040 ders
892 3975 934 4062 ,et
967 3965 1164 4037 venumdare
1197 3987 1240 4034 ex
1271 3962 1341 4056 ipsc
1372 3985 1468 4036 omne
1499 3985 1571 4034 mea
1607 3963 1782 4034 substantia
1818 3963 1877 4034 ubi
1908 3963 2050 4036 voluerit
2084 3971 2207 4034 tantum
2247 4003 2252 4009 ·

791 4099 900 4165 eutem
923 4091 1009 4162 undo
1043 4089 1130 4182 ipsos
1159 4087 1304 4183 quinque
1340 4089 1412 4158 auri
1443 4089 1564 4182 solidos
1598 4086 1800 4181 bythiantens
1833 4085 1946 4159 tollere
1969 4087 2073 4160 balent
2096 4097 2130 4160 et
2152 4088 2208 4160 di-

792 4216 964 4290 stribuant.
1001 4235 1057 4286 eos
1091 4236 1153 4308 pro
1185 4205 1291 4282 anima
1314 4233 1387 4284 mea
1411 4211 1548 4306 qualiter
1570 4209 1717 4304 superius
1741 4207 1871 4302 legitur.
1896 4221 1929 4282 et
1951 4211 2004 4282 cui
2028 4209 2209 4282 vendiderit

795 4347 925 4418 lirinum
948 4350 981 4414 et
1003 4341 1149 4414 sterilem
1168 4345 1353 4435 permaneat
1376 4340 1637 4431 imperpetuum:
1663 4336 1808 4430 Dispono
1831 4336 1956 4430 integra
1979 4339 2113 4409 domum
2136 4359 2209 4408 mea

794 4481 827 4544 et
849 4469 1018 4541 memorati
1041 4465 1106 4538 uiri
1128 4464 1194 4536 mei
1217 4463 1354 4558 positam
1377 4483 1457 4532 vcro
1480 4459 1567 4530 intus
1590 4480 1753 4530 cesareum
1777 4459 1908 4553 regione
1941 4459 2122 4531 thermense
2146 4482 2209 4531 una

794 4619 870 4668 eum
885 4593 1090 4668 inferioribus
1105 4601 1139 4666 et
1153 4589 1375 4690 superioribus
1391 4585 1541 4658 aberibus
1558 4593 1591 4658 et
1605 4584 1784 4680 aspectibus
1800 4583 1897 4658 simul
1913 4607 1987 4657 cum
2002 4564 2135 4656 introito
2150 4606 2209 4656 suo

796 4721 1062 4816 omnibusque.
1037 4744 1098 4790 srvr
1089 4717 1346 4813 pertinentibus
1362 4724 1399 4786 ut
1413 4713 1455 4784 sit
1470 4715 1584 4785 donata
1609 4713 1715 4786 eidem
1731 4713 1815 4808 petri
1830 4681 2017 4783 subdiaconi
2031 4720 2063 4781 et
2077 4709 2211 4781 iohanni

796 4849 871 4920 tiliis
892 4847 975 4919 meis
999 4868 1178 4939 eorumque
1200 4843 1340 4938 propriis
1362 4839 1562 4916 heredibus
1551 4864 1584 4911 ru
1599 4863 1715 4912 eorum
1731 4839 1857 4913 vicibus
1872 4861 1968 4932 super
1985 4859 2096 4910 omnes
2119 4837 2213 4930 ipso-

796 4998 872 5048 rum
904 4971 1113 5069 portionibus.
1147 4970 1186 5041 ln
1215 4992 1255 5041 eo
1286 4969 1375 5042 enim
1409 4977 1522 5040 tenore
1552 4979 1591 5042 ut
1618 4967 1647 5040 si
1670 4967 1744 5064 quis
1767 4993 1809 5041 ex
1832 4967 1909 5062 ipsis
1932 4965 2006 5042 liliis
2029 4965 2109 5040 meis
2137 4987 2213 5037 ma·
