4954 6532
1481 639 1577 739 (ti

817 811 981 886 voluntate
1015 801 1182 899 nomnaoj
1205 801 1368 898 genitricis
1390 807 1423 875 et
1445 799 1509 874 viri
1532 799 1582 870 sui
1617 797 1706 893 qnod
1737 815 1799 890 ego
1821 793 2090 890 quinonninatos
2106 820 2169 893 pro
2187 801 2237 874 eis

818 937 991 1034 subscripsi
1013 945 1045 1009 et
1068 932 1249 1008 mminatos
1271 931 1390 1006 solidos
1413 931 1574 1002 ooniessos
1597 923 1774 1020 peroepisse
1779 968 2164 1001 .................
2174 927 2237 997 alis

775 1271 778 1278 ,
819 1090 1041 1285 ¹¹nanupiigo
1062 1113 1212 1260 masialus
1235 1187 1320 1259 filins
1344 1181 1466 1257 domini
1488 1177 1637 1300 iohannis
1659 1163 1792 1272 rogatus
1815 1199 1835 1248 a
1857 1177 2070 1273 mpsmrpo
2103 1200 2238 1273 persona

681 1363 687 1378 ·
822 1319 895 1392 testi
918 1315 1089 1409 subseripsi
1104 1324 1137 1385 et
1153 1313 1383 1408 suprascriptos
1397 1305 1515 1380 solidos
1529 1306 1691 1377 eontessns
1707 1301 1908 1397 pemepisse·
1965 1351 1975 1374 ·
1987 1327 2047 1381 ,na
2072 1305 2159 1374 testi.
2176 1357 2184 1372 .
2199 1356 2208 1372 .
2223 1355 2232 1372 .

842 1449 845 1460 '
918 1439 1043 1533 †ng0
1066 1439 1234 1533 gregorius
1255 1421 1576 1528 scriptor.....'...
1609 1427 1728 1538 itero-m
1750 1425 1823 1496 testi
1830 1473 2029 1497 .........

919 1554 1063 1648 †nro
1085 1563 1259 1630 svarei
1284 1565 1457 1630 errrore
1482 1527 1611 1624 annii
1635 1546 2007 1621 nom....;sminar
2028 1547 2101 1619 soi
2108 1593 2234 1618 ......
2242 1621 2244 1624 ,

920 1676 1045 1770 †Ego
1066 1676 1251 1748 anastasius
1271 1676 1416 1748 notarius
1447 1654 1808 1772 mfflabsolvi
1832 1649 1886 1750 dio
1909 1685 1942 1752 et
1964 1671 2139 1746 indictione
2168 1693 2235 1742 no-

827 1801 945 1872 minata
969 1797 1639 1874 sexta....'....sademmanu.....'
2015 1871 2019 1880 ,

922 1921 1050 2016 †Ego
1072 1935 1180 2018 petros
1204 1922 1377 2016 primasius
1394 1923 1489 1999 'curie
1526 1927 1600 1998 nius
1622 1927 1763 1999 civitatis
1785 1925 1932 2021 neapolis
1954 1927 2016 1996 heo
2042 1920 2237 2014 exemplaria

826 2050 971 2122 chanun
1006 2049 1197 2122 venditionis
1220 2050 1304 2122 sieut
1325 2050 1473 2144 superius
1495 2053 1616 2147 legitor
1639 2075 1739 2150 quan
1760 2053 1831 2125 eins
1854 2051 2038 2124 anthentica
2069 2049 2161 2119 nobis
2185 2057 2240 2116 at·

828 2175 907 2246 duxi
930 2175 1077 2248 dominus
1098 2175 1213 2247 iaeobu
1236 2169 1411 2248 venerabili
1425 2175 1626 2275 praesbitero
1654 2189 1688 2252 et
1702 2170 1874 2250 monacho
1887 2197 2023 2270 grecum
2046 2175 2238 2247 monasterii

828 2303 928 2376 sanas
943 2305 1123 2375 sebastiani.
1139 2325 1201 2394 pro
1221 2303 1282 2371 ista
1306 2305 1502 2395 exemplaria
1523 2305 1672 2380 iacienda
1694 2316 1727 2375 at
1750 2305 1915 2377 nominato
1931 2303 2126 2374 monasterio
2137 2301 2240 2372 saneti

829 2427 1005 2500 sebastiani.
1030 2450 1073 2497 ex
1096 2428 1164 2519 ipse
1199 2425 1380 2496 anthentica
1415 2424 1555 2497 reinboto
1589 2435 1622 2495 et
1656 2451 1675 2495 a
1698 2427 1831 2520 singuiis
1853 2428 1971 2498 relecta
1993 2449 2054 2519 pro
2078 2425 2232 2518 ampliore

831 2553 900 2624 eins
933 2550 1084 2621 firmitate
1118 2571 1231 2622 manns
1253 2557 1362 2619 nostra
1393 2549 1524 2644 propria
1555 2547 1739 2643 subscripsi.
1766 2549 1944 2643 imperante
1967 2549 2100 2622 domino
2125 2559 2239 2618 nostro

833 2677 939 2750 alexio
961 2677 1078 2768 magno
1101 2676 1294 2769 imperatore
1328 2695 1414 2748 anno
1445 2672 1690 2748 tertiodecimo
1716 2651 1772 2747 sed
1795 2683 1828 2748 et
1850 2673 1989 2745 isnmns
2011 2669 2240 2766 portilogonito

830 2802 899 2872 eius
922 2799 991 2872 tilio
1012 2821 1130 2892 magno
1153 2799 1348 2893 imperatore
1371 2821 1458 2872 anno
1479 2797 1633 2872 seeundo.
1659 2798 1711 2871 die
1734 2796 1887 2869 vicesima
1910 2796 2022 2890 quinta
2044 2794 2163 2868 mensis
2186 2817 2241 2866 se·

834 2926 985 3020 ptembri.
1011 2926 1196 3024 indictione.
1223 2928 1362 2999 seeundo
1385 2927 1416 3019 †
1882 2921 1886 2928 ’
2068 2921 2071 2928 ’

930 3048 1053 3144 †Ego
1075 3048 1246 3144 stephanus
1268 3049 1453 3122 tabularius.
1476 3052 1585 3125 ennae
1608 3053 1683 3126 nius
1711 3052 1849 3126 civitatis
1872 3051 2013 3146 neapolis
2040 3054 2100 3125 heo
2123 3069 2241 3124 exem-

823 3173 937 3265 ·plarn'a
958 3172 1102 3246 chartula
1115 3174 1317 3247 'venditionis
1340 3173 1424 3246 sient
1447 3197 1544 3271 snper
1569 3167 1686 3270 legitur
1721 3197 1820 3271 quam
1847 3175 1921 3247 eius
1937 3169 2118 3246 anthentica
2149 3172 2243 3243 nobas

837 3301 950 3373 atduxi
972 3304 1119 3376 dominns
1142 3303 1257 3376 iaoobn
1285 3303 1461 3374 venerabili
1484 3303 1661 3396 presbitero
1685 3316 1717 3374 et
1739 3303 1900 3374 monacho
1928 3323 2035 3394 greco,
2058 3297 2245 3372 monasterii

836 3427 935 3495 saneti
958 3427 1135 3498 sebastiani.
1151 3447 1212 3518 pro
1235 3426 1296 3496 ista
1320 3425 1516 3518 exemplaria
1539 3424 1682 3496 indenda
1705 3434 1738 3494 at
1754 3424 1919 3494 nomiaratn
1933 3421 2129 3494 monasterio
2144 3421 2248 3494 saneti

838 3551 1006 3622 sebastiani
1038 3577 1081 3624 ex
1116 3555 1185 3648 ipsa
1218 3554 1400 3626 authentica
1432 3553 1572 3625 relebats
1600 3561 1634 3624 et
1667 3551 1840 3645 asingniis
1871 3549 1986 3622 rdeota
2010 3571 2070 3642 pro
2093 3548 2249 3642 ampliore

839 3679 910 3748 eius
928 3679 1092 3749 'firmitate
1127 3699 1243 3752 manus
1274 3690 1382 3752 nostra
1413 3677 1546 3774 propria
1567 3678 1751 3772 subscripsi.
1776 3679 1953 3772 imperante
1976 3679 2112 3750 donnino
2140 3671 2250 3752 nostro

842 3795 959 3866 alexio'
979 3816 1098 3889 magno
1130 3795 1323 3886 imperatore
1347 3818 1432 3866 anno
1455 3797 1552 3867 tertio
1575 3796 1702 3868 decimo
1724 3796 1781 3866 sed
1804 3803 1837 3866 et
1859 3793 1998 3865 iohanne
2021 3794 2249 3888 porfirogenito

841 3918 950 4009 genito
973 3919 1043 3988 eius
1065 3917 1132 3989 tilio
1155 3942 1273 4012 magno
1289 3922 1482 4014 imperatore
1496 3943 1580 3994 onno
1593 3923 1746 3994 seeundo.
1763 3923 1815 3991 die
1833 3920 1983 3991 vicesima
1999 3919 2110 4014 qndnte
2136 3923 2251 3992 mensis

843 4040 1030 4132 septembris
1052 4041 1225 4116 indictione
1246 4047 1383 4118 secunda
1407 4046 1440 4139 †
