4900 6528
1412 623 1425 720 (
1452 629 1517 696 ass
1544 609 1568 715 )“

1416 913 1555 988 CLXXI.

647 1211 702 1258 an.
865 1177 947 1274 †ln
960 1174 1095 1248 nomine
1109 1172 1238 1248 domini
1252 1170 1308 1244 dei
1322 1169 1493 1243 salvatoris
1509 1167 1614 1238 nostri
1627 1167 1725 1238 lbesu
1739 1163 1866 1239 Christi
1877 1163 2058 1260 lmpermte
2071 1169 2207 1244 domino

631 1323 675 1385 97
679 1327 718 1386 8.
774 1316 884 1382 nostro
899 1305 1012 1378 basilio
1028 1323 1149 1400 magno
1163 1303 1359 1396 Imperatore
1374 1318 1459 1366 anno
1473 1291 1728 1366 octabodecimo.
1745 1295 1801 1366 sed
1816 1299 1849 1365 et
1863 1295 2063 1365 constantino
2081 1319 2202 1392 magno

774 1443 971 1535 Imperatore
993 1437 1091 1508 frater
1114 1431 1185 1501 eins
1208 1447 1293 1498 anno
1316 1423 1568 1520 quintodecimo.
1585 1423 1648 1496 Die
1671 1421 1832 1495 tricesima
1856 1422 1976 1495 mensis
2000 1427 2128 1518 augusti
2151 1428 2205 1498 in·

776 1569 914 1644 dictione
937 1571 1027 1635 sexta
1049 1555 1197 1651 neapoli:
1223 1556 1326 1626 Horta
1349 1559 1398 1626 est
1420 1551 1530 1649 itaque
1553 1553 1689 1630 intentio
1712 1552 1874 1626 interme
1898 1575 1981 1626 anna
2003 1553 2138 1628 honesta
2151 1557 2206 1628 te-

776 1698 863 1769 mina
887 1689 952 1762 lilia
975 1685 1109 1783 quidem
1132 1683 1257 1756 domini
1280 1682 1415 1776 aligerni
1448 1681 1599 1754 monocbi
1622 1682 1681 1778 qui
1705 1705 1921 1777 supranomen
1952 1683 2068 1777 pictuli
2095 1683 2202 1755 relicta

779 1831 886 1896 autem
910 1819 1074 1915 quondam
1098 1813 1221 1886 domini
1245 1812 1398 1906 gregorii.
1422 1821 1454 1884 et
1477 1821 1510 1884 te
1532 1812 1683 1884 videlieet
1706 1811 1837 1886 domino
1868 1811 2001 1884 iohanni
2034 1814 2207 1885 venerabili

780 1969 942 2048 ygumeno
965 1942 1150 2016 monasterii
1173 1946 1359 2010 sanctorum
1382 1938 1533 2010 theodori
1547 1947 1580 2010 et
1595 1937 1764 2010 sebastiani
1788 1937 1847 2033 qui
1862 1937 2040 2033 appellatur
2054 1941 2209 2034 casapicta

780 2079 880 2152 situm
903 2075 938 2148 in
962 2069 1146 2146 viridiario:
1174 2070 1223 2140 De
1247 2066 1450 2162 questionem
1473 2089 1574 2162 quam
1598 2076 1677 2162 aput
1700 2076 1731 2140 te
1747 2069 1852 2140 lacere
1876 2066 1946 2141 visa
1968 2089 2053 2138 sum.
2079 2079 2212 2162 propter

781 2227 845 2276 una
870 2209 955 2274 terra
971 2220 1036 2294 que
1052 2201 1186 2266 vocatur
1209 2189 1380 2262 Karictura
1406 2191 1511 2285 posita
1534 2214 1615 2265 vero
1632 2192 1666 2262 in
1679 2192 1752 2264 loco
1768 2191 1825 2288 qui
1842 2203 1976 2266 vocatur
1998 2195 2212 2288 pumilionum

783 2327 874 2424 quod
897 2329 945 2396 cst
967 2321 1046 2393 loris
1069 2336 1196 2390 arcoras
1221 2317 1344 2386 dudum
1368 2317 1577 2410 aqueductus.
1600 2315 1775 2388 Coberente
1791 2318 1854 2388 sivi
1869 2319 1910 2387 nb
1926 2343 1992 2390 uno
2007 2320 2107 2392 latere
2124 2329 2212 2390 terra

784 2454 941 2529 heredum
966 2449 1130 2546 quondam
1154 2442 1279 2518 domini
1302 2443 1435 2514 iohanni
1451 2445 1584 2538 prefecti
1607 2444 1664 2538 qui
1687 2466 1903 2534 supranomen
1917 2446 2022 2516 alfani.
2040 2457 2073 2516 et
2089 2471 2132 2518 ex
2149 2448 2221 2518 alio

783 2586 882 2656 latere
906 2588 991 2651 terra
1014 2575 1172 2648 heredum
1195 2573 1361 2668 quondam
1385 2571 1507 2642 domini
1531 2570 1664 2664 aligerni
1686 2569 1824 2642 bulcani.
1850 2575 1889 2644 de
1905 2597 1971 2644 uno
1995 2575 2100 2667 capite
2129 2583 2218 2646 terra

785 2710 941 2785 heredum
957 2704 1121 2802 quondam
1136 2700 1259 2774 domini
1275 2699 1408 2792 aligerni
1425 2698 1557 2792 prefecti
1573 2699 1727 2769 morfissa.
1748 2702 1787 2771 de
1804 2701 1867 2770 alio
1884 2700 1986 2794 capite
2002 2701 2056 2772 via
2070 2702 2212 2794 publica.

786 2844 834 2914 De
858 2861 923 2934 qua
946 2843 978 2906 te
1000 2831 1126 2928 quesivi
1150 2827 1284 2902 dicendo
1307 2846 1380 2920 pars
1404 2847 1475 2894 mea
1498 2822 1576 2918 quia
1599 2833 1776 2894 memorata
1805 2834 1890 2895 terra
1918 2849 1990 2898 mea
2012 2838 2061 2900 est
2083 2839 2116 2902 et
2138 2857 2214 2904 me·

785 2974 930 3040 moratus
953 2962 1079 3058 genitor
1104 2980 1194 3030 meus
1217 2981 1256 3028 en
1279 2955 1382 3028 tenuit
1404 2961 1437 3024 et
1461 2953 1638 3024 dominavit
1660 2974 1718 3046 per
1741 2953 1988 3047 quadragintam
2013 2980 2124 3028 annos.
2140 2983 2215 3054 pars

789 3101 897 3164 autem
919 3096 1009 3159 tuam
1035 3083 1193 3155 asserebat
1216 3087 1253 3152 ut
1275 3089 1452 3154 memorata
1476 3087 1561 3152 terra
1578 3076 1716 3172 qualiter
1731 3101 1790 3172 per
1806 3091 1998 3154 memoratas
2013 3085 2215 3158 coherentias

789 3242 828 3290 ea
852 3207 1066 3307 exegrcgastis
1088 3206 1218 3304 propria
1232 3229 1300 3280 esse
1315 3204 1484 3279 memorati
1508 3204 1608 3275 suncti
1623 3213 1656 3276 et
1669 3205 1860 3278 venerabilis
1885 3209 1982 3278 vestri
2006 3211 2211 3281 monasterii:

789 3351 822 3416 et
844 3363 944 3436 quem
966 3345 1004 3408 tu
1027 3357 1126 3432 quam
1141 3343 1354 3434 antecessores
1369 3331 1433 3403 tuis
1447 3355 1485 3402 ea
1501 3331 1678 3402 tenuissetis
1694 3337 1726 3400 et
1746 3332 1964 3404 dominassetis
1987 3358 2045 3428 per
2068 3337 2216 3429 quadra-

789 3469 912 3566 gintam
936 3485 1036 3538 annos
1059 3471 1092 3537 et
1114 3443 1310 3536 memoratus
1334 3458 1461 3554 genitor
1485 3481 1576 3530 meus
1600 3459 1732 3530 minime
1755 3486 1793 3532 en
1818 3461 2011 3534 dominasset
2033 3462 2116 3532 infra
2132 3487 2232 3558 qua-·

790 3599 970 3694 dragintam
993 3617 1105 3670 annos.
1131 3594 1169 3662 ln
1192 3593 1255 3662 boc
1278 3588 1457 3662 iudicatum
1479 3595 1528 3660 est
1550 3587 1634 3659 inter
1657 3589 1750 3660 nobis
1765 3598 1798 3662 et
1813 3595 1938 3685 suscepi
1955 3591 2107 3664 exindea
2124 3605 2214 3688 parte

790 3733 846 3796 tun
868 3733 1101 3796 sacramentum
1124 3719 1264 3814 qualiter
1279 3717 1426 3810 superius
1441 3715 1558 3788 exinde
1572 3715 1749 3790 asseruistis
1771 3725 1804 3788 et
1827 3717 1958 3792 deliniri
1974 3719 2092 3792 exinde
2109 3727 2216 3790 tecum

791 3851 824 3922 in
848 3849 1008 3922 omnibus.
1034 3855 1067 3920 et
1089 3869 1194 3942 neque
1219 3870 1239 3914 a
1262 3851 1514 3914 mememoratur
1537 3844 1775 3915 annahonesta
1807 3842 1926 3916 femina
1961 3867 2066 3940 neque
2090 3869 2111 3916 a
2137 3846 2216 3916 meis

790 3949 961 4050 heredibus
984 3976 1074 4048 nullo
1098 3985 1243 4070 tempore
1266 3995 1447 4069 numquam
1470 3981 1507 4042 tu
1529 3981 1725 4044 memoratus
1754 3973 1905 4044 dominus
1933 3971 2088 4044 iohannes
2113 3997 2214 4046 vene-

789 4103 898 4174 rabilis
921 4125 1103 4198 ygumenus
1126 4111 1184 4174 aut
1205 4101 1342 4194 posteris
1365 4100 1429 4170 tuis
1446 4123 1506 4172 neo
1521 4109 1717 4172 memoratus
1732 4109 1858 4172 sanctus
1874 4107 1907 4174 et
1921 4101 2096 4174 venerabili
2110 4099 2214 4172 bester

790 4229 1002 4302 monasterius
1025 4227 1114 4324 quod
1129 4226 1211 4297 absit
1229 4225 1371 4298 babeatis
1395 4228 1512 4300 exindo
1535 4223 1708 4320 aliquando
1732 4249 1938 4323 quacumque
1962 4229 2210 4324 requesitionem

792 4369 848 4426 ant
870 4353 1016 4432 molestia
1039 4377 1097 4450 per
1121 4353 1247 4426 nullum
1277 4355 1413 4427 modum
1445 4373 1504 4422 nec
1527 4375 1585 4446 per
1616 4351 1794 4426 summissis
1829 4355 2047 4448 persounsha
2072 4366 2214 4427 nuncet

790 4479 998 4576 imperpetuis
1021 4479 1228 4576 temporibus.
1252 4481 1385 4574 Insuper
1407 4477 1497 4550 omni
1519 4486 1664 4572 tempore
1687 4502 1750 4574 ego
1766 4489 1798 4552 et
1814 4479 1948 4552 heredes
1971 4481 2051 4554 meis
2075 4481 2134 4552 tibi
2160 4505 2215 4574 po·

791 4607 947 4700 sterisque
970 4607 1035 4678 tuis
1059 4607 1174 4678 exinde
1197 4605 1347 4678 omnibus
1370 4603 1571 4676 consortibus
1593 4601 1673 4678 nucis
1698 4604 1809 4677 viriet
1823 4605 2008 4678 consobrini
2031 4616 2063 4678 et
2086 4605 2219 4678 heredes

793 4752 909 4802 eorum
932 4731 1070 4824 desuper
1092 4731 1205 4804 tollere
1227 4731 1400 4804 debeamus
1424 4731 1513 4802 nulla
1537 4729 1627 4802 vobis
1650 4731 1817 4806 mictentes
1840 4730 2098 4804 boocansionenr.
2133 4733 2220 4824 Quia

792 4857 838 4928 ita
861 4856 945 4928 inter
967 4855 1060 4926 nobis
1083 4857 1260 4930 iudicatum
1283 4869 1342 4932 est.
1368 4859 1403 4930 Si
1427 4869 1538 4932 autem
1562 4883 1623 4953 ego
1648 4870 1705 4932 aut
1728 4861 1861 4934 heredes
1872 4860 1966 4932 meis
1989 4861 2106 4956 quovis
2132 4871 2218 4931 tern-

790 5005 871 5076 pore
894 4989 1006 5053 contra
1028 4977 1112 5050 bano
1126 4979 1306 5056 chartulam
1322 4983 1500 5052 securitatis
1518 4991 1553 5052 ut
1567 5005 1665 5076 super
1680 4984 1799 5078 legitur
1815 4984 1926 5056 venire
1950 4983 2218 5079 presumserimus
