4854 6528
1407 629 1552 726 (144)

1414 907 1540 980 CXVII.

642 1191 696 1238 an.
867 1163 897 1260 †
921 1163 1115 1236 innomine
1139 1161 1264 1234 domini
1287 1160 1339 1236 dei
1362 1159 1531 1234 salvatoris
1554 1159 1658 1232 nostri
1680 1159 1777 1233 lbesu
1800 1157 1921 1232 Christi
1935 1159 2118 1256 Imperanto
2131 1161 2197 1234 do·

629 1300 715 1364 965.
772 1289 863 1362 mino
878 1298 989 1362 nostro
1003 1289 1117 1362 basilio
1133 1309 1254 1380 magno
1265 1287 1460 1379 Imperatore
1477 1307 1561 1355 anno
1573 1289 1666 1356 sexto
1680 1293 1729 1356 set
1744 1292 1777 1356 et
1791 1283 1928 1354 niciforo
1944 1293 1978 1356 et
1994 1283 2194 1356 constantino

772 1417 899 1510 magnis
922 1411 1169 1508 imperatoribus
1192 1431 1277 1480 anno
1300 1409 1397 1478 tertio
1420 1407 1473 1479 dic
1491 1409 1643 1480 vicesima
1667 1409 1770 1503 prima
1792 1409 1910 1482 mensis
1934 1409 2108 1484 decembrii
2132 1411 2190 1482 in·

773 1545 913 1618 dictione
935 1562 1020 1610 nona
1043 1533 1197 1628 neapoli:
1229 1533 1362 1606 Certum
1385 1543 1433 1606 est
1455 1555 1514 1606 nos
1537 1543 1665 1630 petrum
1689 1543 1722 1607 et
1745 1535 1918 1608 iohannem
1941 1537 1996 1614 cui
2016 1560 2114 1634 super
2136 1559 2195 1609 no·

659 1669 678 1705 ⁸
774 1692 850 1742 men
872 1661 1005 1758 gennari
1030 1659 1192 1754 germanis
1215 1657 1289 1730 tiliis
1312 1660 1476 1752 quondam
1500 1658 1617 1732 marini
1649 1659 1808 1757 perorarii
1830 1668 1864 1734 et
1886 1685 1960 1736 rosa
1982 1663 2105 1758 iugales
2126 1663 2193 1736 ba-

774 1790 964 1868 bitotoribus
986 1789 1022 1860 in
1045 1787 1192 1883 planuria
1207 1787 1388 1860 maiorem:
1414 1787 1447 1860 A
1470 1789 1612 1884 presenti
1628 1787 1680 1864 dic
1696 1789 1911 1886 promtissima
1935 1791 2100 1864 volumtate
2115 1814 2196 1888 pro-

774 1919 937 1993 mictimus
959 1916 1020 1988 tibi
1044 1915 1177 1987 domino
1200 1913 1356 2010 stephano
1380 1915 1448 1987 filio
1471 1919 1639 2012 quondam
1662 1918 1786 1993 domini
1809 1917 1895 1992 leoni
1917 1926 2049 2014 propter
2071 1918 2196 2012 integri

773 2043 942 2140 superiora
965 2041 1079 2115 domui
1102 2049 1211 2111 nostre
1234 2039 1323 2134 quod
1346 2049 1395 2112 cst
1417 2061 1580 2112 cammaro
1604 2041 1769 2137 antiquum
1787 2041 1846 2137 qui
1861 2052 1909 2114 est
1923 2064 2021 2137 supra
2043 2042 2195 2114 irderiora

775 2170 950 2242 ocllarcum
973 2167 1104 2240 domiuo
1130 2168 1217 2262 pitru
1240 2164 1375 2238 honeste
1405 2165 1525 2238 femine
1554 2165 1687 2262 coniugi
1715 2178 1772 2238 tua
1795 2167 1899 2262 posita
1921 2167 2008 2238 intus
2031 2189 2090 2238 ano
2112 2166 2200 2237 civi·-

775 2309 875 2370 tatem
906 2294 1050 2390 neapolis
1080 2293 1117 2364 in
1148 2292 1281 2386 regione
1313 2312 1441 2363 summa
1471 2292 1576 2387 platea
1609 2315 1675 2366 una
1706 2315 1782 2365 oum
1805 2291 1933 2366 aeribus
1963 2300 1997 2366 ot
2020 2291 2198 2387 aspectibus

777 2424 875 2499 simul
897 2445 974 2496 cum
995 2423 1164 2494 introitum
1184 2441 1282 2490 suum
1305 2443 1325 2487 a
1348 2427 1439 2512 parta
1463 2421 1503 2491 do
1526 2419 1581 2492 ille
1603 2421 1755 2516 piscbinis
1787 2433 1820 2498 et
1834 2421 1986 2494 omnibus
2009 2421 2072 2492 sivi
2095 2421 2202 2515 perti-

778 2549 952 2624 nentibus:
977 2548 1071 2620 Unde
1094 2547 1353 2640 repromictimus
1377 2548 1436 2620 tibi
1459 2557 1497 2620 ut
1518 2549 1548 2620 si
1565 2551 1682 2644 qnobis
1706 2558 1850 2644 tempore
1873 2571 1934 2621 nos
1949 2556 2006 2620 aut
2028 2547 2201 2620 herodibus

780 2675 898 2748 nostris
920 2679 1098 2746 memorata
1120 2672 1245 2766 integra
1268 2673 1435 2767 superiora
1459 2681 1568 2746 nostro
1591 2695 1668 2746 cum
1691 2673 1862 2745 introitum
1885 2695 1982 2746 suum
2005 2671 2202 2744 etomnibus

783 2803 846 2876 siri
869 2797 1103 2895 pertinentibus
1126 2805 1164 2868 ut
1187 2821 1284 2893 super
1307 2799 1426 2894 legitur
1450 2808 1482 2871 at
1505 2799 1648 2872 bendere
1671 2807 1728 2870 aut
1750 2807 1783 2870 at
1806 2800 1883 2870 darc
1905 2797 1979 2870 iilos
1993 2798 2203 2872 babuerimus

782 2949 841 3023 per
865 2924 982 3021 quobis
1005 2923 1141 2996 modum
1163 2945 1222 2994 nos
1246 2922 1298 2994 vel
1321 2923 1494 2996 heredibus
1517 2925 1634 2997 nostris
1665 2935 1743 2996 tunc
1766 2923 1839 2996 illos
1862 2923 1921 2995 tibi
1951 2923 2079 3020 tuisque
2101 2923 2203 2998 bero·

785 3053 881 3126 dibus
903 3049 1043 3123 vendero
1067 3059 1124 3122 aut
1145 3049 1222 3122 dare
1246 3049 1418 3122 debeamus
1441 3053 1476 3122 in
1499 3051 1604 3145 pretio
1620 3060 1657 3122 ut
1672 3051 1769 3122 fuerit
1782 3051 1987 3146 aspretiatum
2010 3076 2030 3122 a
2052 3050 2205 3124 christia-

787 3175 927 3250 nissimis
949 3175 1041 3248 uiris:
1067 3176 1144 3274 quia
1159 3176 1204 3247 ita
1220 3174 1312 3246 nobis
1336 3175 1423 3246 stetit
1445 3175 1474 3246 si
1497 3183 1606 3248 autem
1628 3175 1721 3248 aliter
1744 3175 1915 3248 fecerimus
1937 3175 1977 3248 de
1992 3174 2042 3248 bis
2057 3175 2207 3248 omnibus

788 3307 974 3382 memoratis
1008 3329 1067 3403 per
1098 3311 1215 3404 quovis
1251 3308 1385 3380 modum
1415 3314 1471 3378 aut
1503 3306 1681 3378 summissis
1713 3303 1858 3400 personis
1886 3314 1963 3378 tunc
1985 3307 2208 3402 componimus

788 3459 848 3510 nos
871 3447 904 3508 st
926 3435 1096 3509 heredibus
1119 3437 1237 3508 nostris
1260 3435 1320 3506 tibi
1344 3433 1473 3530 tuisque
1495 3433 1668 3506 herodibus
1690 3431 1762 3504 auri
1784 3431 1903 3504 solidos
1927 3431 2043 3526 viginti
2066 3435 2214 3529 quatuor

788 3565 990 3662 bytbianteos
1014 3573 1048 3637 et
1069 3566 1130 3637 hec
1153 3564 1299 3636 chartula
1332 3561 1556 3661 promissionis
1579 3569 1617 3632 ut
1638 3583 1736 3656 super
1766 3559 1886 3654 legitur
1909 3560 1950 3632 sit
1973 3561 2066 3632 firma
2089 3561 2207 3656 scripta

788 3716 848 3788 per
870 3714 984 3764 manns
1008 3691 1092 3787 petri
1111 3689 1277 3784 scriptoris
1301 3688 1458 3784 discipulo
1481 3685 1604 3762 domini
1625 3686 1769 3782 gregorii
1782 3685 1912 3760 curialis
1925 3695 1959 3762 et
1972 3686 2131 3760 scriniarii
2154 3709 2212 3782 per

791 3829 968 3896 memorata
993 3843 1079 3892 nona
1103 3819 1277 3893 indictione
1301 3818 1332 3916 †

887 3945 960 4014 Hoc
984 3941 1113 4038 signum
1127 3947 1159 4042 †
1174 3965 1288 4016 manus
1303 3941 1474 4014 memorati
1489 3941 1573 4035 petri
1596 3947 1629 4014 ot
1651 3940 1800 4014 iohannis
1823 3939 1877 4013 cui
1900 3962 2114 4036 supranomen
2129 3964 2215 4037 gen-

792 4070 864 4145 ncri
887 4071 1048 4164 germanis
1065 4071 1153 4162 quod
1178 4093 1240 4162 ego
1264 4069 1323 4160 qui
1345 4075 1540 4141 memoratos
1556 4065 1683 4136 abeam
1706 4075 1838 4159 rogatus
1860 4091 1922 4162 pro
1938 4069 1984 4141 eis
2000 4069 2217 4168 subscripsi†

871 4195 920 4290 ¹†
942 4214 1005 4285 ego
1029 4191 1198 4285 gregorius
1222 4193 1307 4263 tilius
1321 4192 1447 4263 domini
1470 4191 1617 4262 iohannis
1632 4201 1764 4286 rogatus
1782 4218 1801 4264 a
1816 4195 2039 4293 suprascriptis
2053 4197 2214 4293 germanis

795 4320 867 4391 testi
892 4317 1067 4412 subscripsi
1091 4318 1122 4415 †

890 4447 922 4542 †
947 4469 1009 4540 ego
1032 4445 1187 4518 iohannes
1210 4443 1296 4518 filius
1329 4444 1453 4516 domini
1488 4443 1572 4538 petri
1603 4453 1737 4539 rogatus
1761 4450 2030 4544 asuprascriptis
2057 4451 2217 4545 germanis

795 4571 868 4643 testi
892 4572 1065 4667 subscripsi
1088 4572 1119 4670 †
1540 4666 1578 4682 -

889 4697 1041 4791 †uro
1073 4705 1293 4770 marmore
1327 4702 1502 4768 nonore
1531 4705 1592 4770 nu
1626 4703 1761 4770 uurrl
1787 4705 2014 4774 rornrorc
2045 4710 2074 4774 a
2108 4673 2220 4774 ἧς

798 4833 1016 4899 rurmsmc
1040 4830 1165 4895 ruem
1191 4799 1356 4910 c'offl
2015 4811 2017 4818 '

894 4951 925 5046 †
950 4953 1021 5044 Ego
1045 4946 1213 5045 gregorius
1235 4944 1371 5017 Curiolis
1395 4953 1427 5015 et
1450 4945 1632 5018 scriniarius
1657 4947 1824 5042 Compievi
1847 4975 1905 5044 per
1929 4961 2104 5024 memorata
2135 4973 2220 5026 nona

799 5079 973 5153 indictione
996 5077 1028 5172 †
