4876 6532
1428 573 1545 673 (⁷⁰)

1395 863 1571 936 Lmvt.

646 1144 711 1190 ana
851 1111 901 1218 '†
916 1124 953 1194 ln
967 1121 1100 1194 nomine
1118 1117 1241 1192 domini
1258 1117 1310 1191 dei
1324 1095 1492 1190 salvatoris
1509 1117 1612 1189 nostri
1627 1115 1721 1188 lhesu
1737 1113 1855 1188 Christi
1870 1114 2052 1210 Imperante
2065 1119 2195 1193 domino

629 1250 714 1315 959.
775 1253 886 1319 nostro
910 1244 1119 1318 Constantino
1141 1266 1260 1338 magno
1283 1243 1478 1335 Imperatore
1502 1265 1587 1312 anno
1610 1239 1878 1336 quinquagesimo
1911 1243 2053 1314 seeundo
2076 1246 2131 1317 sed
2155 1259 2187 1318 et

773 1395 908 1443 romano
932 1393 1051 1463 magno
1074 1369 1270 1460 Imperatore
1293 1365 1361 1438 eius
1379 1365 1445 1436 filio
1460 1387 1546 1436 anno
1567 1364 1820 1460 quintodecimo.
1839 1365 1891 1437 die
1907 1366 2058 1440 vicesima
2076 1372 2190 1444 octaba

773 1502 892 1572 mensis
914 1495 1095 1567 nobembrii
1118 1495 1291 1566 indictione
1315 1494 1409 1565 tertia
1432 1493 1578 1587 neapoli3
1604 1494 1736 1565 Certum
1753 1501 1801 1566 est
1817 1519 1870 1567 me
1886 1497 2043 1588 eupraxia
2059 1497 2194 1573 honesta

773 1630 893 1702 lemine
916 1624 981 1694 filia
1006 1623 1171 1717 quondam
1204 1623 1328 1694 domini
1359 1623 1501 1716 gregorii
1529 1645 1595 1691 una
1618 1644 1693 1692 eum
1716 1643 1873 1693 oonsensu
1906 1623 2030 1694 domini
2061 1625 2194 1699 iohanni

773 1753 837 1826 viri
859 1749 936 1820 mei:
954 1748 985 1818 A
1002 1747 1142 1842 presenti
1165 1747 1216 1819 die
1238 1747 1453 1841 promtissima
1476 1747 1644 1821 voluntate
1666 1749 1848 1820 venundedi
1862 1757 1895 1818 et
1918 1750 2034 1820 tradidi
2051 1751 2108 1821 tibi
2125 1754 2192 1822 do-

773 1875 863 1946 mino
887 1874 1004 1944 andrea
1027 1871 1204 1964 presbitero
1228 1881 1337 1944 oustus
1360 1871 1493 1942 eeclesia
1516 1871 1617 1942 sancti
1640 1881 1798 1942 castrense
1822 1875 1863 1944 de
1887 1895 2021 1944 maraon
2046 1886 2078 1947 et
2110 1879 2193 1947 mari

658 2093 662 2100 x
772 2001 938 2096 presentie
964 2001 1049 2072 ldest
1072 2021 1138 2071 unu
1171 2001 1297 2094 integra
1328 2000 1477 2093 portione
1508 2022 1582 2074 mea
1613 2001 1652 2071 de
1685 2001 1823 2072 fundum
1846 2001 1987 2095 positum
2011 2004 2045 2074 in
2069 2006 2192 2098 anglata

774 2133 932 2223 quandum
956 2125 1038 2196 mihi
1063 2124 1195 2197 obhenit
1214 2147 1277 2229 per
1299 2123 1445 2194 chartula
1478 2124 1519 2194 da
1551 2126 1689 2195 rotunda
1714 2133 1747 2194 et
1771 2126 1924 2216 gregorio
1948 2126 2022 2196 viro
2044 2149 2105 2197 suo
2128 2153 2192 2199 unu

691 2291 693 2296 ,
773 2271 850 2318 eum
873 2248 1043 2318 introitum
1066 2271 1162 2318 suum
1186 2256 1219 2318 et
1241 2248 1392 2319 omnibus
1415 2247 1478 2319 sivi
1501 2247 1733 2340 pertinentibus
1749 2248 1927 2318 etooheret
1945 2250 2007 2322 sivi
2023 2273 2191 2323 memore-

771 2383 841 2444 tum
877 2375 1014 2444 fundum
1048 2371 1088 2442 ab
1111 2395 1179 2444 uno
1202 2371 1301 2441 latere
1325 2378 1417 2463 parte
1440 2371 1588 2442 meridiei
1611 2370 1726 2440 ribus:
1762 2379 1795 2438 et
1827 2371 1867 2440 de
1891 2371 1956 2454 alio
1979 2372 2079 2444 lutere
2102 2383 2192 2466 parte

771 2495 1028 2592 septemptrionis
1052 2495 1184 2566 coheret
1206 2494 1261 2565 via
1282 2492 1411 2586 publica
1436 2501 1468 2564 et
1492 2492 1676 2562 extenditur
1699 2491 1822 2560 ibidem
1848 2493 1888 2562 de
1911 2493 2078 2567 latitudine
2108 2500 2193 2590 passi

771 2635 837 2694 tres
862 2635 895 2693 at
917 2646 1046 2717 pessum
1062 2623 1204 2694 ferreum
1220 2629 1327 2692 sancte
1341 2619 1544 2713 neapolitane
1567 2617 1699 2689 ecclesie
1715 2625 1748 2688 et
1764 2619 1805 2690 de
1820 2619 2019 2712 longitudine
2034 2639 2194 2715 quantum

772 2765 820 2825 est
843 2756 938 2825 etde
962 2775 1029 2824 uno
1053 2752 1156 2846 eapite
1180 2759 1271 2844 parte
1294 2747 1427 2818 orientis
1450 2744 1581 2816 coheret
1614 2744 1722 2838 portio
1751 2769 1793 2815 ex
1827 2743 1935 2836 ipsum
1966 2746 2102 2817 fundum
2133 2751 2191 2843 qui

771 2891 819 2950 est
843 2883 883 2952 de
908 2879 1068 2973 germanis
1091 2879 1195 2949 meis:
1222 2878 1319 2948 etde
1342 2875 1406 2945 alio
1429 2873 1534 2966 capite
1557 2871 1690 2942 coheret
1712 2871 1848 2941 fundum
1872 2871 2020 2942 iohannis
2051 2877 2186 2968 caputi:

652 3069 654 3076 ,
771 3003 858 3074 unde
880 3003 964 3072 nibil
986 3001 1069 3071 mihi
1093 3001 1208 3076 exinde
1233 3001 1366 3094 aliquod
1390 2998 1542 3069 remansit
1566 3003 1621 3066 aut
1643 2993 1828 3106 reserbavi:
1854 3001 1903 3064 set
1927 3018 1968 3066 av
1990 2996 2120 3068 odierna
2139 3000 2190 3070 die

771 3138 804 3198 et
827 3127 976 3219 deinceps
999 3127 1150 3198 iamdicta
1173 3134 1352 3197 memorata
1375 3123 1483 3216 portio
1499 3145 1571 3192 mea
1586 3121 1626 3191 de
1641 3127 1860 3191 memoratum
1883 3121 2019 3192 lundum
2035 3146 2099 3194 una
2115 3147 2190 3195 eum

770 3253 880 3322 omnia
903 3261 936 3323 et
959 3252 1110 3324 omnibus
1133 3250 1195 3320 sivi
1219 3248 1453 3342 pertinentibus
1485 3259 1644 3342 quatenns
1678 3246 1771 3317 vobis
1799 3246 1872 3316 illos
1904 3270 1963 3340 per
1996 3263 2189 3322 memoratas

770 3373 971 3446 coherentias
1006 3372 1239 3444 insinuavimus
1262 3371 1346 3458 sieut
1384 3393 1482 3464 super
1515 3371 1634 3462 legitur
1663 3369 1800 3440 anobis
1828 3369 1922 3441 vobis
1944 3372 1986 3442 sit
2017 3375 2188 3446 venunda-

771 3510 901 3574 tumet
937 3500 1092 3574 traditum
1115 3501 1151 3572 in
1184 3499 1292 3571 bestra
1327 3499 1508 3590 vestrisque
1541 3496 1716 3571 heredibus
1750 3497 1814 3569 sint
1843 3508 1998 3592 potestate
2027 3501 2190 3597 quidquid

770 3629 889 3700 exinde
912 3630 1017 3701 lacere
1040 3627 1209 3700 volueritis
1231 3626 1368 3697 liberem
1392 3623 1510 3695 obeatis
1541 3633 1721 3718 potestate:
1749 3634 1782 3695 et
1804 3648 1909 3719 neque
1932 3650 1952 3695 u
1975 3647 2028 3698 mo
2057 3648 2189 3699 memo-

769 3762 839 3824 rata
863 3753 1020 3846 eupraxia
1042 3751 1178 3822 honeste
1200 3751 1319 3822 lemine
1342 3772 1448 3844 neque
1472 3772 1491 3816 a
1514 3743 1594 3816 meis
1618 3745 1790 3818 heredibus
1813 3748 1901 3820 vela
1926 3747 2019 3818 nobis
2043 3749 2189 3844 personis

769 3878 946 3952 summissis
968 3876 1059 3948 nullo
1075 3887 1219 3970 tempore
1234 3895 1415 3966 numquam
1429 3872 1488 3942 bos
1506 3881 1561 3940 aut
1576 3872 1710 3943 heredes
1726 3873 1839 3946 vestris
1855 3875 1944 3968 quod
1967 3873 2049 3944 absit
2069 3874 2188 3946 abeatis

769 4003 887 4075 exinde
911 3998 1122 4092 requisitione
1145 4021 1203 4092 per
1227 3997 1353 4066 nullum
1379 3995 1513 4066 modum
1537 3995 1811 4088 inperpetuum:
1836 3999 1969 4090 Insuper
1992 3999 2081 4069 omni
2097 4009 2186 4072 tem·

770 4148 851 4220 pore
876 4145 938 4216 ego
961 4133 994 4194 et
1017 4121 1149 4192 heredes
1173 4121 1253 4190 meis
1277 4120 1369 4190 vobis
1392 4119 1571 4212 vestrisque
1594 4118 1766 4191 heredibus
1796 4121 1914 4194 exinde
1938 4123 1978 4192 ab
2001 4125 2090 4196 omni
2117 4125 2185 4197 lto·

771 4249 860 4320 mine
884 4243 1039 4338 omnique
1061 4241 1207 4336 personis
1231 4251 1387 4312 antestare
1404 4250 1435 4310 et
1453 4243 1615 4312 defensare
1632 4243 1803 4315 debeamus
1826 4257 1958 4340 propter
1974 4250 2061 4343 quod
2077 4249 2186 4344 aooepi

772 4398 792 4442 a
816 4394 873 4444 vos
896 4371 978 4442 idest
995 4369 1066 4442 auri
1083 4369 1202 4440 solidos
1217 4377 1356 4461 quotuor
1379 4367 1603 4462 bythianteose
1631 4381 1853 4442 verumtamen
1876 4373 1963 4445 stetit
1986 4375 2070 4446 inter
2092 4374 2185 4448 nohis

772 4509 809 4568 ut
832 4499 1027 4593 quandoque
1050 4519 1112 4591 ego
1135 4494 1325 4568 etheredo
1348 4495 1429 4567 meis
1452 4495 1545 4566 vobis
1569 4495 1748 4590 vestrisque
1771 4497 1942 4571 heredibus
1958 4502 1998 4572 ad
2022 4510 2186 4576 antestan-

773 4627 851 4697 dum
874 4623 1058 4694 venerimus
1082 4631 1159 4694 tune
1181 4643 1241 4694 vos
1264 4621 1357 4692 nobis
1381 4623 1457 4694 dare
1481 4621 1621 4694 debeatis
1645 4622 1704 4693 ista
1720 4624 1863 4695 chartula
1886 4649 1983 4720 mam
2006 4627 2099 4700 vobis
2122 4629 2187 4701 de·

773 4752 806 4822 di
830 4771 929 4846 quam
960 4749 1052 4819 nobis
1076 4749 1151 4819 lecit
1180 4749 1319 4820 rotunda
1342 4757 1375 4820 et
1398 4749 1549 4843 gregorio
1580 4750 1774 4822 membranis
1804 4752 1921 4846 scripta
1944 4762 1978 4823 at
2001 4753 2097 4828 finem
2130 4759 2187 4830 ta-

771 4875 921 4945 ciendum
947 4882 978 4944 et
1001 4881 1111 4966 postea
1134 4869 1227 4942 vobis
1251 4871 1320 4941 illas
1343 4873 1527 4944 retdamus:
1554 4873 1588 4944 Si
1612 4885 1720 4948 autem
1742 4898 1801 4948 nos
1825 4885 1880 4949 eut
1902 4877 2036 4952 heredes
2069 4879 2188 4954 nostris
