4900 6528
1410 655 1563 759 (ara)

791 823 843 896 vel
874 819 1082 894 infructiferis
1112 819 1210 892 siuml
1244 839 1320 892 eum
1342 817 1492 894 introitas
1519 837 1594 895 suas
1623 814 1850 918 omninoque.
1874 815 1936 888 siri
1961 817 2203 911 pertinentibus.
2269 779 2274 786 β

789 949 875 1024 unde
898 947 980 1020 nihil
1004 946 1097 1021 nobis
1120 945 1237 1018 exinde
1259 945 1412 1018 remansit
1428 955 1484 1017 aut
1502 945 1738 1020 reservavimus
1757 951 1806 1014 set
1821 944 1904 1016 sieut
1928 945 2078 1037 superius
2094 945 2209 1042 iegitur

636 1099 637 1104 ’
791 1103 810 1149 u
834 1075 926 1146 nobis
950 1075 1042 1146 voltis
1066 1075 1129 1144 sint
1153 1073 1360 1145 venumdatae
1382 1081 1415 1144 et
1438 1073 1570 1150 traditas
1594 1069 1627 1142 in
1651 1081 1755 1143 vestra
1779 1069 1980 1166 posterisque
2003 1072 2115 1144 vestris
2143 1073 2206 1148 siut

794 1210 984 1296 potestatem
1011 1222 1140 1297 queque
1165 1199 1281 1272 exinde
1313 1199 1418 1274 facere
1446 1195 1614 1268 volueritis
1637 1219 1762 1291 semper
1785 1196 1921 1274 liberam
1942 1196 2086 1290 finimus
2109 1181 2208 1292 μηθ’.

786 1341 914 1402 statem.
939 1339 972 1402 et
994 1351 1101 1424 neque
1124 1351 1142 1398 ι
1167 1325 1260 1404 nohis
1283 1331 1461 1398 memoratu
1484 1323 1623 1398 iohame
1645 1333 1678 1396 et
1696 1323 1852 1418 stephano
1875 1325 2037 1418 gumerio
2050 1347 2125 1399 cum
2138 1347 2206 1400 vo.

787 1459 922 1532 lumtate
945 1463 1122 1528 memorate
1138 1453 1261 1528 duabu
1277 1475 1370 1530 maru
1386 1451 1453 1528 fiiis
1468 1463 1501 1526 et
1514 1452 1647 1548 coniugi
1669 1455 1787 1530 uostris
1809 1474 1916 1548 neque
1939 1454 2090 1527 auosuis
2108 1453 2210 1532 here-

789 1583 884 1656 dibus
907 1579 996 1652 nullo
1020 1586 1165 1672 tempore
1180 1599 1360 1674 numquam
1376 1599 1434 1650 vos
1454 1586 1653 1658 memoratus
1669 1577 1819 1650 seminus
1842 1577 1996 1653 iohannes
2019 1577 2208 1658 venerabilis

788 1726 968 1803 ygumenus
992 1711 1048 1774 aot
1071 1704 1208 1797 posteris
1232 1709 1346 1778 vestris
1368 1730 1429 1780 neo
1453 1713 1651 1781 memoratus
1679 1715 1807 1783 sanetus
1834 1714 1867 1778 et
1889 1704 2081 1781 venerabilis
2103 1706 2208 1780 suar

790 1831 1003 1906 monasterius
1020 1833 1110 1928 quod
1129 1832 1213 1904 absit
1235 1832 1380 1906 habeatis
1403 1835 1521 1908 exinde
1544 1834 1718 1932 aliquando
1741 1855 1947 1932 quarumque
1966 1833 2209 1934 requisitionem

790 1971 845 2034 aut
869 1960 1018 2032 molestia
1042 1983 1100 2056 per
1131 1963 1262 2042 nulfum
1294 1963 1430 2042 modurn
1454 1985 1515 2038 nee
1542 1987 1602 2060 per
1624 1963 1802 2038 summissis
1829 1985 1980 2067 pensum
2002 1961 2045 2038 he
2068 1983 2158 2038 nune
2178 1969 2211 2035 et

788 2081 996 2180 imperpetuis
1020 2085 1228 2182 temporibus.
1253 2089 1387 2184 insuper
1410 2089 1500 2162 omni
1524 2099 1669 2185 tempore
1688 2111 1746 2160 nos
1767 2096 1801 2160 st
1819 2088 1953 2164 heredes
1975 2085 2094 2164 uostris
2118 2083 2210 2156 vohis

789 2210 1002 2305 posterisque.
1028 2211 1142 2284 vestris
1166 2211 1281 2284 exinde
1296 2212 1337 2284 ab
1354 2215 1461 2286 omnis
1485 2213 1633 2294 homines
1658 2212 1813 2312 omnique
1838 2232 1988 2311 pensum
2009 2207 2212 2288 mummius

790 2345 950 2408 antestare
986 2345 1019 2408 et
1051 2337 1214 2407 defensare
1246 2336 1476 2430 promittimus.
1507 2359 1569 2434 pro
1591 2361 1631 2410 eo
1661 2331 1756 2436 quod
1779 2335 1964 2437 impressisti
1987 2335 2214 2428 sucepitntrsu

791 2462 884 2532 vobis
907 2463 1025 2533 exmde
1048 2462 1132 2534 idest
1156 2463 1227 2534 auri
1252 2464 1314 2536 tari
1339 2464 1458 2560 viginti
1482 2445 1516 2536 et
1537 2487 1597 2559 pro
1619 2463 1700 2538 aiios
1717 2471 1792 2538 octo
1807 2461 1868 2536 turi
1888 2459 2101 2554 aewpimusa
2117 2461 2216 2532 vobis

791 2588 908 2658 exinde
930 2589 1055 2682 integra
1078 2601 1229 2684 quartam
1253 2603 1378 2686 partem
1401 2603 1542 2674 vestram
1565 2615 1606 2666 ex
1631 2591 1754 2686 integre
1779 2611 1845 2662 una
1867 2599 1952 2664 terra
1975 2590 2034 2684 qui
2052 2588 2117 2660 fuit
2132 2611 2211 2660 me·-

791 2724 916 2786 morate
939 2711 1006 2784 thie
1029 2723 1137 2788 nostre
1164 2715 1269 2806 posita
1294 2718 1334 2788 ad
1359 2717 1474 2815 pedem
1497 2719 1538 2796 de
1561 2723 1707 2787 montem
1729 2715 1819 2821 quod
1841 2723 1890 2786 est
1906 2715 1943 2792 iu
1957 2724 2074 2818 quarto
2088 2714 2214 2794 maiore
2289 2761 2298 2780 .

789 2842 846 2938 qui
871 2839 1006 2912 indivisa
1030 2842 1149 2916 reiaoet
1172 2867 1246 2914 eum
1272 2844 1333 2915 alia
1358 2867 1422 2916 uua
1454 2853 1570 2944 quarta
1596 2853 1773 2918 memorate
1801 2841 1935 2914 eusiesie
1963 2851 2070 2916 sancte
2092 2844 2212 2918 mariae

793 2979 826 3040 et
848 2989 923 3039 erm
948 2969 1010 3042 alia
1034 2993 1100 3044 una
1123 2981 1273 3071 quartam
1295 2973 1467 3051 memorati
1492 2973 1676 3046 monasterii
1701 2979 1886 3050 mortorum
1909 2970 2048 3044 seberini
2073 2979 2107 3045 et
2122 2971 2213 3044 sossii

791 3104 824 3166 et
846 3117 922 3168 eum
946 3096 1007 3174 alia
1031 3119 1095 3174 uua
1119 3109 1269 3194 quartam
1293 3109 1437 3173 nosuum
1469 3109 1504 3170 et
1536 3109 1717 3172 memorate
1740 3121 1892 3193 germane
1918 3109 2027 3172 nostre
2049 3121 2115 3171 una
2138 3121 2212 3178 eum

791 3222 959 3298 introitum
982 3245 1079 3302 suum
1103 3223 1317 3320 omnibusque
1339 3224 1402 3302 sivi
1426 3224 1658 3318 pertinentibus
1674 3224 1709 3298 iu
1729 3245 1857 3298 omnem
1882 3223 2044 3307 decisione
2066 3247 2125 3298 seu
2149 3225 2213 3296 de·

791 3348 1021 3426 liberationem.
1057 3352 1279 3424 tantummodo
1311 3351 1400 3422 stetit
1432 3350 1525 3424 nobis
1557 3359 1595 3424 ut
1617 3347 1645 3422 si
1669 3359 1882 3424 memoratam
1909 3359 2054 3447 quanam
2084 3353 2213 3444 partem

791 3485 934 3548 vestram
965 3501 1006 3550 er
1041 3477 1109 3571 ipsa
1146 3487 1231 3553 terra
1254 3477 1329 3572 pius
1358 3477 1457 3548 fuerit
1488 3477 1529 3548 de
1559 3495 1661 3548 unum
1691 3475 1840 3550 modivnn
1862 3497 1922 3569 per
1944 3477 2027 3570 pessi
2053 3483 2134 3546 tone
2156 3498 2213 3570 per

792 3601 982 3674 ratiocineas
1001 3603 1041 3678 de
1055 3611 1251 3674 memoratos
1266 3601 1328 3680 tari
1343 3599 1437 3671 vobis
1464 3600 1599 3673 rendere
1625 3599 1811 3674 debuemus.
1836 3597 1923 3684 Quia
1947 3597 1992 3672 fu
2014 3600 2098 3678 inter
2121 3597 2212 3670 nobis

791 3730 979 3804 rombenit:
1010 3731 1049 3802 si
1073 3741 1181 3802 autem
1207 3753 1266 3806 noe
1291 3739 1347 3802 aut
1370 3728 1504 3802 heredes
1526 3728 1646 3800 neruis
1669 3724 1786 3824 quovis
1808 3735 1954 3818 tempore
1985 3734 2098 3798 mnu·
2129 3723 2210 3802 hene

791 3854 970 3930 chartulam
993 3854 1188 3931 venditionis
1220 3863 1258 3926 ut
1291 3873 1389 3948 super
1420 3851 1541 3946 legitur
1572 3851 1684 3924 venire
1720 3851 1987 3948 presumserimu's
2010 3860 2044 3924 et
2075 3849 2209 3928 minime

793 3982 1079 4074 adimpleverimus
1112 3983 1173 4056 hee
1207 3981 1315 4056 onmia
1348 3989 1527 4053 memorata
1560 3988 1593 4058 et
1623 3981 1657 4061 in
1690 3979 1814 4076 aliquid
1843 3978 1954 4060 odensi
1977 3977 2135 4058 fuerimus
2157 3999 2211 4082 per

796 4109 914 4202 quovis
938 4110 1072 4188 modvrm
1096 4122 1153 4182 aut
1175 4109 1355 4182 summissis
1379 4107 1534 4205 personis.
1558 4117 1635 4182 tunc
1659 4107 1884 4208 componimus
1909 4105 1999 4178 vobis
2014 4104 2211 4200 posterisque
2333 4098 2334 4102 ’

796 4235 911 4305 vestris
947 4235 1020 4305 auri
1052 4234 1172 4312 solidos
1203 4235 1318 4328 viginti
1352 4234 1556 4330 bythianteos
1589 4242 1622 4308 et
1655 4233 1716 4308 hee
1740 4234 1886 4306 chartula
1911 4233 2050 4330 qualiter
2072 4229 2212 4302 eontinet

789 4360 881 4433 tima
914 4369 1098 4456 permaneat
1122 4359 1383 4456 imperpetuum:
1410 4359 1528 4454 scripta
1550 4379 1609 4456 per
1632 4379 1747 4435 manus
1771 4357 1900 4436 iohanni
1925 4355 2054 4437 curialis
2080 4375 2139 4459 per
2161 4351 2208 4436 iu·

789 4489 929 4564 dictione
952 4499 1129 4566 memorata
1154 4491 1267 4562 octaba
1290 4487 1322 4586 †

879 4628 1058 4691 memorata
1082 4640 1162 4689 vero
1185 4627 1270 4691 terra
1294 4615 1379 4687 undo
1402 4611 1549 4708 superius
1565 4613 1660 4690 nobis
1675 4613 1805 4686 dedistis
1822 4619 2037 4688 mensuum
2058 4615 2205 4711 quartum

788 4752 911 4840 partem
935 4755 1075 4815 vestram
1101 4745 1234 4820 insimul
1257 4745 1465 4841 coniungitur
1487 4744 1552 4816 hab
1575 4765 1643 4818 uno
1665 4744 1766 4820 lutere
1781 4767 1857 4816 oum
1872 4753 1958 4815 terra
1984 4748 2092 4820 nostra
2105 4735 2207 4812 «sicuti

788 4868 872 4941 iuter
894 4887 928 4934 se
952 4865 1104 4936 termines
1128 4868 1295 4941 finiuntur.

881 4989 954 5060 Hoc
986 4987 1168 5084 signum†
1200 5014 1316 5064 menas
1347 4995 1516 5069 memorati
1545 4995 1678 5074 iohanni
1705 5005 1737 5068 et
1768 4995 1914 5090 stephani
1943 4989 2106 5086 germanis
2133 5011 2206 5060 cum
