4854 6528
1378 719 1524 817 (aer)

1409 1001 1506 1078 CLV.

621 1285 675 1338 an.
835 1260 867 1361 †
889 1262 926 1336 ln
949 1264 1080 1334 nomine
1102 1260 1227 1334 domini
1249 1259 1303 1333 dei
1325 1257 1495 1332 salvatoris
1516 1258 1620 1331 nostri
1633 1255 1729 1330 ihesu
1752 1252 1873 1330 OEnfisti
1902 1255 2080 1353 imperante
2103 1263 2166 1336 do.

599 1399 694 1468 973„
741 1393 831 1468 nino
854 1401 965 1466 nostro
988 1389 1102 1464 basilio
1124 1409 1244 1482 magno
1266 1387 1464 1480 Imperatore
1491 1407 1577 1457 anno
1599 1384 1847 1460 minimae
1873 1387 1932 1460 sed
1954 1397 1988 1459 et
2011 1397 2167 1463 constan-

742 1521 811 1594 tino
834 1541 953 1614 magno
977 1518 1170 1610 imperatore
1192 1532 1279 1584 anno
1302 1509 1440 1588 decimo.
1465 1519 1499 1586 et
1520 1511 1661 1586 iohanne
1691 1535 1812 1609 magno
1834 1513 2030 1609 imperatore
2053 1518 2110 1590 sed
2132 1525 2166 1591 et

742 1672 827 1722 anno
849 1646 946 1718 tertio
968 1641 1022 1716 die
1045 1637 1284 1736 quarbdecima
1306 1641 1425 1714 mensis
1447 1641 1548 1737 magii
1570 1641 1746 1715 indictione
1770 1639 1910 1738 primma
1926 1643 2066 1738 neapoli:
2084 1643 2167 1716 Ger-

742 1791 813 1848 tum
836 1780 884 1846 est
898 1793 952 1844 me
966 1769 1108 1844 cicinum
1122 1767 1226 1842 filium
1241 1771 1406 1866 qnondam
1429 1768 1555 1844 domini
1573 1769 1688 1846 cesarii
1711 1769 1741 1842 Α
1756 1770 1896 1864 presenti
1911 1770 1965 1843 die
1979 1770 2166 1866 promtissi-

740 1924 804 1974 ma.
828 1899 1003 1973 voluntate.
1029 1896 1220 1972 venundedi
1236 1907 1270 1970 et
1292 1896 1410 1972 tradidi
1432 1897 1526 1970 robis
1549 1898 1701 1994 gregorio
1724 1895 1919 1970 calciolario.
1939 1906 1973 1970 et
1988 1921 2083 1971 maru
2105 1899 2167 1971 hoc

741 2036 790 2100 est
812 2025 946 2122 iugales.
974 2033 1008 2099 et
1029 2031 1123 2120 petro
1146 2021 1328 2096 calciolario
1351 2023 1416 2096 hcc
1438 2034 1487 2097 est
1513 2023 1714 2121 genitoribus
1738 2032 1772 2098 et
1795 2024 1892 2098 lilio:
1918 2024 2013 2098 [Dect
2041 2027 2168 2121 integra

742 2151 920 2229 domncclla
943 2173 1016 2225 mea
1038 2149 1153 2246 posita.
1175 2147 1210 2220 in
1233 2170 1293 2220 anc
1318 2147 1483 2222 civitatem
1497 2150 1533 2222 in
1548 2151 1623 2224 rico
1639 2153 1698 2249 qui
1714 2152 1900 2225 nominatur
1923 2150 2078 2224 licariola:
2097 2153 2168 2226 Una

742 2301 820 2352 cum
843 2273 994 2348 aheribns
1018 2279 1051 2346 et
1073 2271 1252 2368 aspectibus
1267 2279 1392 2346 etcum
1414 2273 1621 2348 interioribus
1645 2295 1702 2348 sen
1727 2272 2030 2370 superiorihnssnis
2045 2285 2169 2350 etcum

743 2406 869 2497 integra
901 2400 1099 2475 curticellam
1133 2409 1206 2474 anta
1228 2421 1263 2473 sa
1286 2403 1376 2498 quod
1399 2411 1447 2476 est
1469 2429 1489 2476 a
1510 2410 1601 2498 parte
1634 2402 1807 2476 occidentis
1830 2410 1963 2474 etcum
1994 2405 2167 2479 introitum

744 2550 842 2602 sunm
865 2537 897 2599 et
920 2527 1070 2599 omnibus
1093 2528 1140 2600 eis
1163 2528 1401 2622 pertinentibus
1427 2529 1607 2624 pertinente
1630 2528 1713 2600 mihi
1736 2529 1943 2624 aquandum
1966 2527 2058 2623 lupo.
2085 2543 2120 2602 et
2145 2558 2165 2602 a

745 2652 877 2746 quidem
900 2649 1003 2722 maria
1025 2650 1147 2746 iugales
1171 2675 1228 2746 per
1250 2651 1427 2726 chartulam
1451 2653 1697 2748 comparationis
1720 2651 1780 2748 qui
1803 2653 1875 2726 inid
1892 2653 1933 2724 dc
1948 2653 2064 2725 tumbe
2079 2657 2170 2726 scri-

745 2787 799 2872 pta
823 2797 923 2872 quem
947 2798 1009 2870 ego
1033 2776 1190 2870 perditam
1213 2773 1329 2847 habeo.
1355 2787 1389 2849 et
1411 2802 1431 2847 a
1454 2783 1636 2850 memorato
1659 2777 1824 2872 quondam
1838 2777 1931 2873 lupo.
1949 2787 2017 2851 eta
2036 2779 2170 2875 quidem

746 2914 927 2978 memorata
949 2904 1052 2976 maria
1075 2904 1199 3000 iugales
1223 2903 1363 2979 obvenid
1377 2927 1436 3000 per
1450 2905 1529 2980 duas
1546 2904 1708 2978 chartulas
1723 2905 1972 3002 comparationis
1988 2909 2078 3004 quod
2093 2919 2170 2983 sunt

747 3034 934 3107 membrana
966 3033 1092 3126 scripte.
1115 3055 1246 3128 unaque
1270 3033 1311 3106 ad
1335 3031 1381 3104 eis
1403 3031 1487 3104 lecid
1513 3031 1608 3106 leone
1639 3053 1793 3126 germano
1816 3041 1848 3106 et
1871 3043 2009 3130 cognato
2041 3061 2169 3113 eorum.

749 3171 782 3233 et
805 3161 868 3232 alia
891 3179 990 3254 quem
1013 3160 1054 3231 ad
1069 3160 1115 3230 eis
1130 3159 1213 3232 lecid
1236 3159 1401 3256 quondam
1424 3161 1576 3232 dominus
1598 3159 1768 3234 benedicto
1783 3162 1960 3236 venerabili
1982 3165 2172 3260 ignmmeno

750 3287 937 3360 monasterii
960 3287 1060 3360 sandi
1083 3287 1262 3360 sebastiani.
1286 3310 1385 3385 quem
1408 3295 1585 3360 memorate
1609 3287 1734 3365 duabus
1757 3288 1911 3364 chartrdis
1935 3290 2028 3364 robis
2044 3295 2077 3363 in
2096 3317 2173 3387 pre·

752 3414 836 3486 senti
860 3412 935 3486 dedi
959 3433 1034 3485 curn
1058 3412 1168 3484 omnia
1192 3436 1256 3509 que
1279 3413 1472 3486 continent:
1499 3412 1566 3508 “qui
1596 3411 1729 3486 coheret
1751 3415 1812 3487 sivi
1835 3425 2012 3488 memorata
2044 3419 2169 3513 integra

752 3540 930 3614 domucella
955 3549 988 3613 et
1009 3551 1185 3615 memorata
1208 3541 1371 3613 curticella
1404 3539 1535 3612 insimul
1557 3539 1598 3611 ab
1622 3563 1689 3612 nno
1712 3539 1810 3614 latere
1833 3567 1853 3614 a
1875 3553 1966 3638 parte
1997 3545 2174 3617 meridiana

752 3679 800 3740 est
823 3668 954 3740 ecclesia
978 3677 1086 3740 sancte
1109 3667 1225 3762 agathe
1259 3665 1436 3761 pertinente
1460 3667 1703 3739 demembrato
1737 3670 1960 3742 monasterio:
1987 3681 2020 3744 et
2044 3673 2083 3744 de
2107 3671 2172 3743 alie

752 3793 849 3866 latere
875 3801 1000 3887 aparte
1023 3790 1259 3886 septemtrionis
1282 3797 1331 3862 est
1353 3788 1487 3862 hortum
1509 3793 1569 3890 qui
1592 3791 1661 3864 laid
1684 3793 1817 3889 quidem
1840 3793 1953 3866 basilio
1976 3795 2171 3869 calciolario.

753 3942 840 3991 nunc
863 3941 943 3990 vero
957 3918 1138 3991 monacho:
1157 3927 1190 3990 et
1206 3919 1247 3992 de
1262 3939 1329 3990 uno
1346 3917 1450 4014 capite
1465 3941 1484 3989 a
1499 3927 1590 4014 parte
1604 3920 1738 3992 orientis
1761 3929 1809 3993 est
1826 3922 1960 3994 domum
1977 3924 2036 4018 qui
2050 3925 2120 3996 inid
2136 3926 2175 3998 de

755 4051 934 4114 memorato
949 4043 1144 4114 monasterio
1159 4051 1191 4114 et
1206 4065 1249 4115 ex
1272 4042 1337 4114 alio
1352 4041 1455 4137 capite
1470 4067 1490 4112 a
1504 4053 1595 4138 parte
1610 4045 1782 4117 occidentis
1797 4056 1846 4117 est
1860 4049 1997 4120 domum
2013 4059 2173 4121 vestram:

756 4168 806 4236 De
821 4188 885 4261 qna
901 4164 983 4237 nihil
997 4165 1080 4236 mihi
1095 4165 1212 4236 exinde
1227 4165 1388 4238 remansid
1404 4189 1463 4238 nec
1478 4165 1514 4238 in
1530 4165 1633 4238 ahena
1646 4184 1791 4261 persona.
1807 4171 1956 4243 commisi
1970 4181 2174 4267 potestatem:

755 4293 804 4362 lta
827 4303 865 4364 ut
887 4315 1008 4364 anunc
1023 4301 1056 4366 et
1071 4294 1221 4388 deinceps
1244 4302 1421 4366 memorata
1445 4293 1570 4387 integra
1584 4293 1764 4367 domucella
1779 4317 1852 4370 mea
1866 4299 1983 4394 posita.
2000 4302 2035 4372 in
2049 4323 2179 4374 memo-

756 4429 827 4492 rato
850 4422 924 4494 vico
947 4422 1005 4518 qui
1027 4421 1212 4496 nominatur
1236 4421 1403 4494 ficariola=
1430 4421 1502 4493 Una
1525 4443 1603 4492 cnm
1627 4419 1777 4495 uberibus
1800 4433 1834 4496 et
1858 4427 2038 4521 aspectibus
2054 4441 2177 4504 etcum

756 4550 962 4623 inferioribus
986 4573 1044 4624 seu
1066 4551 1286 4648 superioribus
1309 4548 1386 4622 suis.
1403 4556 1529 4622 etcum
1543 4559 1722 4624 memorata
1745 4553 1870 4648 integra
1892 4555 2057 4628 curticella
2084 4557 2181 4632 hante

757 4699 791 4746 se
815 4687 991 4748 memorata
1014 4680 1241 4756 occidentalem
1265 4688 1355 4777 parte
1371 4687 1493 4752 etcum
1517 4678 1688 4754 introitum
1710 4681 2016 4756 sunmetomnibus
2039 4687 2085 4757 eis
2100 4711 2181 4781 per-

759 4801 960 4872 tinentibus:
986 4805 1164 4896 pertinente
1188 4805 1268 4878 mihi
1292 4829 1311 4876 a
1335 4807 1502 4902 quondam
1524 4814 1704 4878 memorato
1728 4806 1815 4902 lupo.
1847 4814 1880 4877 et
1903 4833 1923 4880 a
1947 4809 2079 4905 quidem
2104 4837 2181 4888 ma·

759 4938 882 4999 morata
906 4928 1005 4997 maria
1029 4929 1150 5022 iugales
1173 4955 1231 5024 per
1255 4931 1434 5004 chartulam
1457 4933 1703 5027 comparationis
1719 4933 1778 5028 qui
1793 4934 1864 5008 fuid
1879 4935 1920 5008 de
1936 4935 2050 5008 lumbo
2063 4939 2181 5034 scripta

760 5078 857 5150 quam
883 5055 1039 5148 perditam
1063 5055 1189 5129 habeo:
1216 5067 1249 5128 et
1272 5083 1291 5127 a
1316 5059 1481 5152 quondam
1505 5069 1685 5132 memorato
1707 5061 1786 5156 lupo
1802 5071 1869 5134 eta
1885 5073 2062 5136 memorata
2079 5067 2181 5139 maria

760 5183 881 5273 iugales
905 5184 1041 5262 obr‘cnid
1067 5209 1125 5279 per
1148 5195 1340 5257 memoratas
1364 5185 1443 5256 duas
1467 5186 1625 5258 chartulas
1649 5191 1895 5283 comparationis
1919 5201 1985 5288 qu'e
2008 5193 2094 5288 apud
2122 5217 2183 5267 ros
