4954 6532
948 595 1072 690 ‹⁴³›

950 886 1062 955 Lxxt.

392 1140 424 1236 †
444 1141 482 1212 ln
496 1139 626 1212 nominc
643 1136 768 1212 domini
779 1139 832 1212 dei
843 1139 1009 1212 salvatoris
1020 1137 1126 1210 nostui
1134 1135 1229 1211 lbcsu
1245 1137 1365 1210 Christi
1378 1135 1555 1232 imperante
1583 1139 1716 1214 domino
1790 1167 1844 1214 an.

300 1274 409 1342 nostro
422 1265 629 1338 Constantino
652 1285 772 1356 magno
795 1265 991 1358 Imperatore
1005 1285 1089 1336 anno
1106 1263 1354 1360 quadragesimo
1371 1272 1487 1334 octavo
1507 1266 1563 1336 sod
1586 1274 1619 1337 et
1641 1269 1716 1340 Ro-
1768 1298 1854 1364 956.

300 1416 396 1466 mano
409 1415 528 1486 magno
542 1392 738 1486 Imperatore
755 1389 824 1462 eius
839 1388 907 1462 filio
923 1413 1008 1462 anno
1022 1388 1194 1460 undecimo
1209 1387 1261 1462 die
1274 1389 1387 1484 quinta
1402 1389 1520 1462 mensis
1536 1392 1645 1462 martii
1666 1394 1716 1462 iu·

300 1521 439 1594 dictione
450 1517 686 1616 quartadecima
696 1517 842 1612 neapoli:
859 1517 991 1590 Cenum
1004 1524 1052 1588 est
1064 1537 1117 1588 me
1131 1515 1233 1586 maria
1248 1514 1313 1586 lilia
1328 1520 1493 1612 qnondam
1506 1521 1589 1612 petri
1606 1523 1716 1594 franco

299 1669 363 1718 nna
387 1669 463 1718 enm
486 1667 642 1718 consensu
665 1643 786 1716 domini
811 1641 880 1714 ursi
903 1642 968 1713 viri
990 1642 1080 1714 mei:
1106 1643 1138 1716 A
1160 1643 1300 1738 presenti
1316 1643 1369 1715 die
1384 1647 1622 1739 promptissima
1648 1675 1716 1724 vo·
1835 1715 1839 1728 ,

299 1775 422 1848 luntate
444 1775 628 1848 venundedi
653 1783 685 1847 et
707 1773 824 1844 tradidi
847 1771 908 1842 tibi
933 1773 1090 1868 stephano
1112 1774 1182 1846 lilio
1205 1772 1370 1869 quondam
1392 1773 1460 1846 ursi
1473 1823 1600 1849 ......
1631 1781 1717 1854 ldest

301 1901 428 1992 integra
450 1909 536 1969 terra
558 1922 632 1970 moa
654 1919 718 1991 que
742 1905 877 1969 vocatur
900 1905 1090 1969 revosetum
1112 1897 1217 1992 posita
1237 1897 1273 1966 in
1295 1919 1428 1968 marano
1452 1919 1528 1968 cum
1550 1899 1718 1976 arboribus

301 2037 335 2096 et
358 2025 526 2095 introitum
548 2045 644 2094 suum
666 2031 699 2094 et
721 2023 870 2094 omnibns
893 2023 955 2094 sivi
977 2026 1210 2118 pertinentibus
1233 2047 1331 2118 quam
1358 2033 1391 2096 et
1414 2047 1481 2118 quo
1504 2029 1604 2100 modo
1637 2031 1719 2102 mibi

244 2247 247 2252 ἱ
302 2155 335 2221 et
357 2155 390 2218 at
413 2147 547 2240 quidem
569 2145 676 2238 sergio
699 2145 899 2239 carpentario
915 2156 1113 2220 antecessore
1133 2150 1204 2220 viro
1218 2171 1293 2220 meo
1308 2147 1438 2220 obbenit
1453 2174 1511 2244 per
1537 2152 1718 2230 chartulam

229 2371 233 2380 ι
301 2272 496 2348 membranis
518 2273 667 2366 scriptam
693 2297 711 2342 a
734 2274 865 2368 quidam
889 2273 984 2345 leone
1006 2274 1203 2346 larricellum
1225 2297 1300 2346 cnm
1322 2276 1486 2348 voluntate
1509 2280 1610 2352 marie
1634 2305 1718 2354 con-

303 2402 371 2496 iugi
394 2423 451 2472 sue
474 2409 507 2472 et
529 2400 598 2492 ipsa
620 2399 765 2470 cbartula
788 2399 848 2468 tibi
870 2399 906 2468 in
927 2399 1084 2490 presentis
1107 2399 1205 2468 dedi:
1230 2400 1288 2492 qui
1303 2409 1336 2470 et
1350 2401 1482 2474 coheret
1503 2405 1565 2476 sivi
1586 2429 1719 2482 memo-

303 2536 372 2597 rata
395 2533 480 2596 terra
501 2521 567 2594 bab
590 2543 657 2592 nno
688 2521 788 2592 latera
816 2528 903 2592 terra
926 2520 1055 2592 cerami.
1089 2522 1186 2594 etde
1209 2544 1276 2594 nno
1299 2529 1403 2620 capite
1436 2529 1491 2600 via
1515 2531 1670 2626 pubblica·
1688 2546 1721 2607 et

304 2672 346 2722 ex
369 2647 433 2720 alio
455 2647 554 2718 latere
577 2651 663 2719 terra
685 2644 726 2716 de
749 2642 881 2714 colonos
905 2637 949 2714 de
971 2642 1157 2714 balneanam
1180 2644 1222 2714 ab
1245 2646 1309 2718 alio
1333 2650 1439 2744 capite
1461 2661 1547 2726 terra
1570 2665 1626 2730 tua
1650 2681 1730 2729 no-·

304 2776 418 2850 minati
441 2773 587 2870 stephani
610 2781 809 2868 comparata.
838 2771 932 2844 Unde
964 2771 1046 2844 nibil
1076 2773 1159 2844 mibi
1182 2774 1299 2848 exinde
1326 2777 1457 2874 aliquod
1480 2786 1632 2856 remamit
1664 2797 1720 2858 aut

304 2902 496 2975 reservavi:
530 2909 577 2974 set
607 2925 648 2974 av
682 2899 813 2972 odium
846 2900 899 2972 dio
933 2907 966 2972 et
997 2900 1146 2996 deinceps
1178 2902 1243 2976 iam
1271 2905 1370 2978 dictas
1393 2919 1587 2982 memoratas
1619 2922 1722 2986 terras

305 3037 489 3098 rovosetrrm
513 3023 631 3119 positas
653 3023 688 3094 in
710 3031 888 3094 memorato
910 3023 984 3094 loco
1006 3047 1175 3096 maranum
1190 3049 1255 3098 nna
1270 3049 1346 3101 cum
1364 3031 1533 3104 arboribus
1549 3044 1582 3106 et
1604 3035 1722 3109 introi-

306 3167 374 3228 tum
399 3173 494 3223 suum
518 3165 550 3224 et
573 3150 723 3222 omnibns
745 3149 806 3222 sivi
829 3149 1062 3246 pertinentibus
1075 3161 1233 3248 qnantum
1249 3163 1283 3227 et
1298 3157 1464 3250 quonmdo
1489 3158 1572 3230 mibi
1591 3162 1724 3234 obbenit

306 3303 364 3376 per
385 3289 562 3351 memorata
584 3277 729 3349 chartula
752 3299 850 3372 mam
873 3277 966 3348 robis
989 3279 1062 3350 dedi
1088 3287 1120 3349 et
1143 3289 1301 3372 witonus
1328 3281 1388 3352 tibi
1417 3283 1490 3354 illos
1517 3307 1575 3378 per
1590 3309 1723 3358 memo.

306 3419 390 3480 rates
413 3405 611 3478 coberenties
634 3403 868 3476 insinuavimus
890 3403 986 3474 sicuti
1008 3404 1155 3498 superins
1178 3403 1298 3497 legitur
1321 3429 1341 3474 a
1363 3424 1417 3476 me
1437 3405 1497 3474 ubi
1520 3408 1562 3476 sit
1576 3431 1723 3479 venum-

307 3535 417 3606 datum
439 3541 473 3604 et
495 3531 648 3603 traditum
671 3529 706 3600 in
727 3538 784 3600 tua
806 3530 936 3625 tuisque
959 3530 1131 3602 heredibus
1153 3532 1217 3602 sint
1238 3537 1393 3624 potestate
1415 3531 1576 3625 quidquid
1599 3535 1718 3608 exinde

307 3655 412 3726 iacere
442 3652 609 3725 volueritis
643 3649 778 3722 liberam
810 3649 953 3720 babeatis
985 3657 1164 3740 potestate:
1202 3656 1235 3718 et
1266 3669 1372 3742 neque
1395 3673 1415 3718 a
1438 3649 1499 3745 me]
1522 3649 1575 3722 vel
1600 3675 1618 3720 a
1642 3657 1723 3727 meis

306 3779 483 3854 heredibus
504 3778 558 3849 vel
580 3775 709 3847 anobis
724 3775 869 3868 personis
883 3773 1059 3844 summissis
1076 3773 1166 3844 nullo
1179 3783 1325 3869 tempora
1341 3799 1440 3872 mam
1455 3787 1492 3850 tn
1517 3789 1574 3854 aut
1588 3781 1725 3858 heredes

306 3905 373 3978 tnis
396 3903 489 3999 quod
511 3899 594 3972 absit
616 3899 735 3971 abeatis
757 3897 875 3973 exinde
897 3898 1106 3994 requisitione
1115 3921 1196 3992 ‚per
1224 3899 1351 3972 nullum
1381 3900 1519 3976 modum
1541 3904 1575 3976 in
1599 3930 1722 4004 perpe-

307 4041 425 4106 tuuma
451 4028 582 4122 insuper
605 4027 695 4098 omni
718 4035 864 4118 tempore
887 4047 950 4118 ego
972 4033 1005 4096 et
1026 4025 1160 4098 heredes
1182 4027 1263 4099 meis
1286 4027 1403 4102 exinde
1420 4030 1460 4100 ab
1477 4032 1567 4103 omni
1592 4031 1724 4106 bomine

309 4158 462 4254 omnique
485 4179 619 4251 persona
642 4155 702 4226 tibi
723 4155 852 4250 tuisque
882 4151 1054 4224 heredibus
1081 4153 1116 4224 in
1143 4155 1294 4229 omnibns
1323 4166 1479 4232 antestare
1502 4168 1535 4232 et
1558 4161 1722 4234 defensare

311 4285 481 4357 debeamus
514 4288 646 4376 propter
677 4281 767 4374 qnod
798 4279 905 4372 accepi
933 4289 1007 4349 ate
1029 4277 1111 4352 idest
1134 4279 1206 4352 auri
1228 4280 1291 4350 tari
1322 4281 1440 4354 nobem
1464 4293 1501 4354 ut
1523 4285 1608 4354 inter
1630 4285 1724 4357 nobis

310 4409 498 4482 oombenitz
533 4408 563 4480 si
592 4415 700 4478 autem
730 4427 794 4498 ego
820 4413 877 4476 ant
898 4404 1033 4476 heredes
1055 4405 1137 4478 meb
1158 4417 1270 4478 eontra
1293 4406 1376 4478 banc
1399 4408 1578 4482 chartulam
1603 4413 1726 4484 vendi-

310 4537 407 4610 tionis
429 4545 467 4606 nt
489 4559 585 4629 snper
607 4534 727 4626 legitm
749 4533 861 4606 venire
884 4531 1095 4628 quesierimus
1114 4555 1173 4626 per
1186 4533 1304 4628 quobis
1319 4535 1451 4608 modum
1477 4549 1533 4610 aut
1548 4539 1727 4612 summissis

310 4661 455 4755 personis
477 4667 556 4731 tunc
578 4657 803 4752 componimus
836 4655 896 4728 tibi
918 4655 1046 4748 tuisque
1077 4654 1250 4728 heredibus
1274 4660 1345 4730 auri
1369 4660 1487 4734 solidos
1511 4663 1628 4756 biginti
1657 4664 1726 4759 by-

307 4787 446 4857 tianteos
479 4793 512 4855 et
543 4807 580 4854 ec
611 4781 757 4854 chartula
787 4781 829 4852 sit
858 4779 949 4850 firma
973 4777 1090 4872 scripta
1113 4802 1172 4873 per
1195 4803 1309 4854 manus
1332 4782 1481 4858 iohannis
1503 4785 1634 4860 curialis
1669 4811 1728 4886 per

309 4917 486 4982 memorata
511 4905 685 4978 indictione
707 4905 739 4999 †
