4876 6532
1367 659 1389 751 ι(
1417 653 1520 750 ιιι)

740 841 877 933 desuper
898 830 1011 904 tollere
1035 825 1209 900 detormo
1232 817 1352 913 ubsque
1376 810 1466 886 omni
1498 817 1604 884 resur
1629 801 1823 878 damnietote
1850 797 1939 872 nullu
1963 799 2056 872 vobis
2078 801 2163 872 mit-

740 971 842 1036 tentes
866 953 1103 1031 hoeuusionem.
1128 946 1214 1033 Quis
1238 944 1283 1016 itu
1307 941 1391 1013 inter
1414 935 1508 1010 nobis
1531 931 1709 1006 iudicatum
1732 938 1792 999 est.
1826 923 1862 998 Si
1885 932 1994 996 suum
2018 947 2081 1018 ego
2107 937 2164 998 eut

738 1089 873 1163 heredes
896 1081 977 1157 meis
1000 1075 1118 1174 quovis
1141 1083 1288 1166 tempore
1323 1075 1435 1139 contre
1465 1063 1550 1135 hune
1582 1053 1763 1132 chartulam
1796 1053 1975 1126 securitatis
2006 1061 2043 1124 ut
2066 1075 2163 1148 super

740 1220 861 1314 legitur
883 1211 994 1287 renim
1017 1202 1284 1303 presumserimus
1306 1205 1340 1270 et
1362 1196 1397 1266 in
1425 1189 1546 1286 uliqrrid
1561 1186 1675 1262 odend
1696 1184 1855 1260 fuerimus
1869 1205 1928 1278 per
1943 1181 2062 1280 quovis
2085 1206 2164 1255 mo-

740 1347 820 1420 dum
844 1349 900 1417 out
923 1333 1103 1414 summissis
1134 1327 1278 1426 ursonis
1310 1331 1387 1394 tuoe
1419 1312 1646 1413 oomponimus
1677 1315 1771 1388 vobis
1794 1315 2010 1411 posterisque.
2047 1313 2164 1388 vestris

742 1471 812 1542 suri
837 1469 955 1542 solidos
977 1459 1092 1554 viginti
1116 1453 1329 1548 bythiunteos.
1355 1457 1389 1518 et
1410 1443 1471 1516 hec
1495 1441 1641 1514 chartule
1668 1440 1807 1537 qualiter
1823 1439 1966 1512 eontinet
1986 1440 2079 1512 firmo
2094 1465 2166 1536 per·

743 1603 871 1670 monent
901 1592 1151 1682 imperpetuum.
1176 1576 1293 1672 scriptu
1329 1596 1388 1670 per
1419 1592 1533 1646 munus
1568 1572 1700 1644 iohanni
1730 1569 1859 1644 curialis
1893 1592 1950 1664 per
1988 1570 2164 1644 indictione

745 1729 923 1801 memorate
946 1715 1057 1788 oculis
1082 1711 1114 1808 †

838 1853 911 1923 Hoc
934 1865 1063 1939 agnum
1085 1837 1117 1935 †
1140 1859 1255 1910 monus
1277 1835 1447 1910 memorati
1471 1832 1585 1906 eesurii
1607 1831 1696 1929 quod
1720 1852 1783 1924 ego
1806 1829 1865 1926 qui
1882 1840 2077 1902 memoratos
2105 1853 2167 1926 pro

575 2031 582 2044 ·
743 1999 820 2056 eum
844 1968 1016 2062 subscripsi
1036 1967 1067 2062 †

795 2186 797 2193 y
831 2095 873 2196 '†
898 2119 961 2194 ego
984 2095 1038 2168 leo
1062 2091 1148 2164 filins
1171 2088 1295 2164 domini
1318 2087 1468 2160 iohannis
1499 2093 1631 2182 rogetus
1655 2107 1674 2158 o
1697 2083 1913 2180 suprascripto
1948 2084 2070 2157 oosnrio
2092 2087 2165 2156 testi

746 2223 974 2324 subseripsi†

843 2356 960 2452 †ego
984 2353 1139 2426 iohannes
1161 2345 1340 2421 utututus
1370 2357 1504 2440 rogetus
1535 2369 1553 2415 ιι
1585 2345 1802 2440 suprascripto
1833 2343 1956 2417 cesario
1988 2343 2060 2416 testi
2084 2343 2166 2414 rub·

748 2487 862 2583 scripsi
886 2483 918 2578 †

601 2651 713 2722 s*
847 2612 963 2706 †ego
985 2607 1116 2704 [sergius
1149 2605 1235 2678 ttius
1267 2602 1390 2676 domini
1421 2599 1570 2672 iohannis
1597 2610 1730 2693 rogetus
1754 2625 1772 2670 ι
1796 2598 2012 2694 suprascripto
2047 2597 2171 2670 essurio
2201 2697 2208 2702 -

555 2720 714 2759 s
751 2743 825 2816 testi
848 2735 1020 2830 subscripsi
1044 2733 1076 2828 †

847 2865 878 2961 †
902 2868 972 2960 Ego
997 2861 1151 2934 iohannes
1173 2860 1312 2934 Curiulis
1335 2858 1504 2954 compleri
1522 2865 1555 2930 et
1569 2855 1690 2930 ubwlvi
1715 2876 1776 2951 pro
1798 2854 1972 2926 indictione
1995 2860 2171 2924 memoratu

752 2995 865 3068 octabu
889 2993 920 3088 †
