4900 6528
852 629 1073 808 ¹(aare)

925 993 1081 1068 CLXXX.

372 1245 403 1340 †
420 1245 487 1315 Nos
502 1245 663 1316 Paldollus
677 1242 790 1316 divina
807 1245 973 1316 ordinante
988 1247 1186 1340 providentia
1199 1246 1484 1342 Langobardorum
1500 1251 1603 1346 gentis
1615 1254 1705 1348 prin·
1784 1281 1838 1331 an.

275 1391 352 1464 ceps
376 1379 408 1440 et
432 1367 575 1438 marchio
600 1369 660 1439 Per
684 1390 767 1462 rogu
791 1367 940 1440 uuailerii
964 1369 1074 1440 comiti
1099 1369 1203 1440 dilecti
1229 1371 1353 1463 parenti
1378 1373 1478 1446 nostri
1502 1375 1705 1448 concedimus
1759 1394 1867 1456 97ss
1923 1367 1925 1378 ’

277 1497 370 1568 uobis
386 1495 466 1569 idest
479 1497 611 1567 domino
624 1497 754 1570 martini
771 1497 945 1569 venerabili
960 1495 1066 1568 abbati
1078 1497 1262 1567 monasterii
1277 1507 1383 1572 sancte
1397 1501 1497 1572 marie
1514 1501 1553 1572 de
1569 1501 1623 1572 illa
1638 1525 1709 1598 spe-

277 1620 371 1694 lunca
388 1619 449 1691 sub
466 1631 574 1693 monte
591 1621 740 1694 vesubeo.
755 1643 866 1694 omnes
882 1643 933 1692 res
946 1619 1124 1715 pertinente
1140 1619 1231 1692 vobis
1247 1619 1280 1690 in
1295 1623 1511 1716 suprascripto
1525 1634 1634 1696 sancto
1649 1650 1707 1698 ve-

275 1758 345 1821 stro
356 1748 551 1822 monmteric
563 1771 622 1844 per
635 1761 756 1823 vestras
768 1749 947 1821 monimina
960 1755 992 1822 et
1002 1747 1142 1830 rationes
1153 1748 1241 1842 quod
1252 1747 1376 1820 habetis
1388 1749 1421 1820 in
1436 1750 1507 1822 loeo
1525 1753 1705 1824 domucella

275 1899 343 1972 que
358 1878 421 1950 luit
434 1877 562 1951 cuidam
578 1899 739 1951 ursovano
755 1877 789 1949 in
803 1887 913 1950 monte
928 1883 961 1950 et
975 1875 1071 1971 plano
1087 1875 1181 1946 sicuti
1198 1885 1317 1948 vestras
1328 1878 1504 1952 monimina
1515 1887 1548 1951 et
1564 1880 1704 1954 rationes

147 1983 153 1998 ’
274 2002 448 2075 continent.
464 2023 520 2076 seu
536 2011 569 2072 et
583 2023 693 2074 omnes
710 2011 810 2074 terras
825 2008 960 2096 quantas
983 2007 1169 2096 mentoque
1192 2000 1284 2071 vobis
1300 2001 1475 2098 vestrisque
1499 2005 1705 2100 suprascripti

279 2127 464 2201 monasterii
488 2139 537 2202 est
560 2128 613 2200 vel
632 2127 730 2201 luerit
744 2125 938 2222 pertinentes
955 2147 1012 2219 per
1028 2133 1133 2200 totum
1157 2135 1303 2233 110st
1328 2129 1507 2200 dominium
1530 2153 1594 2225 que
1618 2153 1704 2202 nunc

275 2259 375 2330 modo
397 2257 521 2328 habetis
541 2277 601 2327 sen
625 2267 782 2350 quantum
797 2255 940 2327 inantea
957 2259 994 2326 tn
1010 2263 1149 2350 tuosque
1166 2263 1310 2348 posteros
1327 2280 1345 2325 a
1361 2257 1478 2350 quobis
1500 2257 1632 2330 homino
1651 2261 1704 2331 vel

275 2405 297 2450 a
320 2402 527 2474 quocumque
550 2377 693 2471 partibus
715 2400 828 2470 parare
851 2385 907 2448 aut
929 2399 1129 2473 conquerere
1152 2378 1321 2472 potueritis
1344 2379 1454 2474 ibique
1471 2380 1506 2450 in
1525 2381 1704 2454 dumucella

273 2517 309 2580 et
332 2531 390 2602 per
412 2507 473 2577 alia
497 2505 621 2599 singula
644 2503 715 2573 loca
738 2501 965 2597 undecumque
988 2505 1042 2575 uel
1072 2507 1379 2602 quomodocumque
1410 2507 1477 2578 sibe
1501 2531 1559 2602 per
1583 2510 1704 2581 cartule

274 2635 435 2707 emtionis.
453 2657 510 2707 scu
526 2629 738 2706 concessionis
747 2637 780 2702 et
791 2629 967 2702 offertionis
981 2629 1033 2702 vel
1049 2633 1227 2704 securitatis
1243 2655 1340 2728 qnam
1358 2641 1390 2705 et
1405 2657 1462 2728 per
1479 2641 1593 2706 treuna
1610 2635 1703 2704 iudi-

278 2763 412 2836 cationis
435 2762 508 2834 illnt
530 2761 627 2832 modo
650 2758 776 2831 habetis
798 2758 851 2830 vel
875 2759 910 2829 in
934 2767 1026 2831 antea
1049 2781 1162 2852 parare
1179 2770 1210 2832 et
1236 2763 1438 2857 conquedere
1453 2762 1621 2858 potueritis
1638 2771 1705 2834 tam

203 2931 211 2947 ι
276 2911 337 2962 nos
361 2913 461 2986 quam
483 2895 516 2962 et
538 2888 652 2960 vestris
676 2884 811 2980 posteris
835 2884 903 2956 sibe
918 2906 977 2979 per
992 2882 1117 2978 scriptis
1136 2908 1235 2979 quam
1250 2904 1284 2956 et
1298 2886 1331 2956 in
1349 2886 1474 2981 scriptis
1490 2896 1523 2959 et
1540 2888 1704 2980 quomodo

277 3018 347 3112 ipse
369 3025 474 3088 vestre
489 3013 663 3090 monimina
679 3023 711 3084 et
726 3010 866 3083 rationes
881 3007 1055 3082 anteriores
1072 3007 1241 3078 continunt
1256 3019 1439 3103 manuque
1455 3034 1497 3080 ex
1515 3010 1592 3102 ipsis
1607 3012 1704 3084 rebus

277 3139 392 3212 uestds
415 3147 586 3232 vestroque
609 3133 777 3230 prescripti
794 3130 978 3205 monasterii
997 3138 1044 3202 est
1059 3129 1112 3202 vel
1128 3131 1227 3204 luerit
1249 3132 1443 3226 pertinentes
1461 3156 1538 3206 cum
1553 3134 1704 3206 omnibus

277 3267 433 3344 hedificiis
457 3265 523 3338 suis
545 3266 630 3336 intro
645 3286 679 3336 se
696 3261 903 3335 habentibus:
930 3267 963 3331 et
979 3281 1056 3332 cunr
1071 3279 1182 3329 omnes
1198 3281 1330 3331 consum
1345 3259 1397 3330 vel
1415 3261 1557 3334 dationes
1572 3284 1628 3333 seu
1644 3285 1705 3333 an»

274 3395 381 3488 genias
397 3393 448 3466 vel
464 3393 632 3465 servitium
649 3401 681 3463 et
695 3391 889 3486 portaticum
904 3388 957 3458 vel
972 3385 1139 3481 pensiones
1153 3392 1186 3456 et
1200 3384 1358 3456 caballum
1372 3385 1440 3457 sibe
1457 3387 1701 3484 qualiscumque

158 3548 165 3554 ·
277 3521 447 3594 sorbitium
470 3521 504 3590 in
527 3519 671 3614 partibus
695 3525 803 3588 nostre
826 3511 1002 3608 reipuplice
1025 3509 1078 3582 vel
1101 3509 1270 3580 castaldale
1287 3509 1391 3581 lacere
1410 3519 1466 3581 aut
1483 3513 1704 3606 persclberunt

275 3647 340 3720 illis
363 3646 548 3720 bominibus
571 3645 752 3740 persolbere
775 3641 955 3714 debuerunt
977 3660 1117 3734 quorum
1141 3635 1237 3708 rebus
1260 3645 1410 3731 paratum
1442 3637 1565 3710 habetis
1588 3663 1646 3712 seu
1671 3649 1705 3713 et

278 3798 299 3843 a
322 3771 441 3868 quibus
463 3771 497 3840 in
521 3781 612 3841 antea
635 3789 747 3862 parare
771 3772 827 3834 aut
850 3763 1053 3857 conquedere
1083 3761 1251 3856 potueritis
1274 3769 1312 3834 tu
1336 3767 1473 3857 tuosque
1505 3773 1648 3858 posteros
1663 3778 1704 3854 *et

277 3918 354 3967 cum
377 3915 506 3966 omnem
532 3900 676 3962 vestrum
699 3895 846 3982 paratum
870 3893 903 3958 et
926 3884 1149 3980 conquesitum
1172 3895 1276 3957 totum
1300 3896 1333 3958 et
1355 3888 1519 3982 integrum
1535 3897 1571 3959 ut
1592 3913 1703 3984 supra·

281 4021 404 4091 dictum
420 4027 467 4089 est
481 4041 500 4086 a
515 4015 656 4086 funditor
678 4011 751 4082 illut
772 4009 865 4082 uobis
888 4009 1066 4106 uestrisque
1083 4009 1218 4105 posteris
1235 4012 1390 4083 concessi:
1411 4012 1444 4083 in
1461 4036 1533 4084 eam
1555 4013 1705 4086 videlicet

279 4151 434 4221 rationem
453 4155 489 4222 ut
505 4145 620 4216 amodo
637 4150 670 4216 et
685 4141 830 4234 deicceps
851 4161 909 4234 per
932 4137 995 4211 boc
1018 4147 1162 4210 nosbum
1186 4139 1361 4211 roboreum
1384 4149 1568 4235 preceptum
1586 4140 1703 4216 habere

280 4293 313 4354 ct
337 4277 498 4373 possidere
521 4295 577 4344 seu
592 4275 695 4344 lacere
712 4277 745 4344 et
758 4269 899 4340 iudicare
913 4265 1029 4339 exinde
1043 4265 1210 4338 volueritis
1225 4266 1260 4336 in
1275 4274 1381 4336 vestra
1398 4268 1575 4362 vestrisque
1589 4279 1703 4364 poste·

280 4406 325 4476 ris
350 4409 476 4474 maneat
498 4404 666 4492 potestate:
690 4401 722 4464 et
737 4394 772 4463 in
787 4391 936 4464 omnibus
951 4388 1042 4461 vobis
1058 4389 1098 4460 eit
1113 4389 1274 4483 perpetuis
1296 4390 1503 4482 temporibus.
1518 4415 1704 4467 concessum

278 4541 311 4603 ct
334 4532 494 4602 firmatum
519 4524 697 4616 vestrisque
720 4518 854 4613 posteris
876 4519 959 4589 sicut
982 4517 1127 4612 superius
1150 4515 1242 4587 vobis
1264 4513 1415 4586 concessi.
1442 4515 1489 4584 lta
1513 4525 1550 4586 ut
1573 4519 1704 4593 anullis

281 4685 323 4734 ex
338 4659 454 4731 nostris
473 4653 643 4725 comitibus
664 4647 808 4720 castaldis
832 4643 990 4716 iudicibus
1007 4643 1061 4715 uel
1080 4641 1216 4714 sculdeis
1240 4664 1298 4714 seu
1324 4642 1557 4739 cuiuscumque
1568 4669 1704 4740 persona

281 4777 421 4864 bominis
444 4785 552 4878 aliqua
575 4779 667 4850 vobis
691 4787 747 4846 aut
771 4773 885 4845 vestris
908 4771 1045 4866 posteris
1076 4771 1192 4844 exinde
1215 4772 1371 4842 inseratur
1402 4771 1547 4844 molestia
1576 4775 1628 4847 vel
1650 4777 1703 4847 in-

282 4911 478 5010 quietudine.
487 4917 534 4979 set
548 4901 708 4998 perpetuis
724 4897 922 4992 temporibus
937 4920 978 4968 ex
991 4919 1093 4992 eaque
1108 4895 1200 4967 vobis
1215 4896 1428 4968 concessimus
1439 4899 1592 4971 securiter
1606 4911 1702 4998 atque

283 5041 419 5116 absoluti
442 5035 595 5114 maneatis
617 5031 745 5106 exinde.
770 5027 931 5102 neminem
949 5025 1040 5098 vobis
1055 5024 1108 5098 vel
1122 5025 1235 5097 vestris
1250 5024 1384 5120 posteris
1399 5025 1571 5122 aliqnando
1585 5029 1702 5104 exinde
