4876 6532
902 583 984 682 te
1009 587 1026 676 )

255 743 319 839 que
343 739 529 813 nominetur
553 748 586 808 rt
609 731 748 810 tribeum
772 737 868 810 etde
892 736 963 808 eliis
986 737 1175 810 ominibus:
1212 741 1271 833 qui
1306 751 1339 812 nt
1370 744 1434 816 fine
1456 755 1543 818 sunt.
1576 737 1668 818 Unde

253 867 380 964 relique
395 865 589 960 alienorde
612 889 655 937 ex
678 865 785 960 ipsum
809 887 959 960 campum
982 889 1002 934 n
1025 876 1116 959 purte
1139 866 1316 940 meridiane
1338 867 1430 940 iuxta
1448 871 1669 966 sunguinitum
1807 899 1811 908 ’

252 994 359 1087 tetigit
380 993 415 1063 in
438 991 588 1085 portione
611 1013 684 1062 mee
707 991 871 1064 nominate
903 1012 985 1062 enne
1017 992 1184 1086 quomodo
1216 991 1302 1063 inter
1325 1015 1360 1064 se
1383 995 1504 1066 exfinct
1525 998 1669 1092 corrigie

252 1117 291 1189 de
315 1115 365 1186 illi
388 1116 429 1188 de
452 1113 606 1210 agathoni
629 1123 663 1185 et
685 1113 853 1209 quomode
887 1113 972 1186 inter
1004 1135 1040 1184 se
1063 1114 1215 1188 termines
1237 1115 1383 1186 endunt:
1414 1115 1534 1188 iterum
1561 1119 1669 1212 tetigit

250 1249 285 1336 te
308 1247 342 1311 et
363 1238 490 1330 integre
513 1247 600 1308 terre
623 1259 687 1332 quc
710 1247 847 1308 vocetur
869 1259 962 1308 cess:
986 1231 1107 1332 'tetigit
1142 1248 1173 1312 te
1202 1247 1235 1310 et
1258 1239 1422 1332 integrum
1445 1241 1582 1314 fundum
1605 1244 1664 1338 qui

251 1372 299 1434 est
321 1371 395 1456 post
418 1383 491 1433 cnse
514 1361 554 1433 de
577 1359 633 1432 ifle
656 1359 804 1455 piscbina
827 1362 993 1456 quomodo
1023 1363 1109 1434 inter
1136 1362 1340 1434 nominatum
1362 1359 1499 1434 fundum
1522 1372 1556 1434 et
1577 1373 1665 1436 terre

249 1487 306 1582 qui
329 1511 383 1560 me
406 1485 572 1559 nominate
594 1508 677 1558 unna
701 1485 897 1582 tetigitque
920 1495 1056 1556 vocatur
1077 1485 1198 1557 iterum
1224 1493 1298 1580 post
1321 1507 1394 1570 cusu
1417 1488 1554 1560 fossatus
1577 1487 1667 1561 eufi-

245 1627 326 1688 natr
351 1618 413 1690 bec
435 1639 517 1690 vero
540 1617 649 1712 portio
672 1595 748 1689 cum
772 1613 944 1688 arboribus
967 1613 1141 1688 fructiferis
1165 1614 1219 1687 vel
1239 1615 1448 1688 infructiferis
1470 1625 1504 1688 et
1525 1639 1602 1689 enm
1617 1617 1670 1690 in·

245 1745 382 1816 troitum
404 1765 501 1816 snum
514 1753 548 1817 et
563 1742 713 1818 omnibns
728 1743 791 1816 siri
807 1741 1054 1838 pcrtinentibus:
1073 1742 1220 1838 piscbine
1235 1764 1316 1815 vero
1332 1741 1366 1812 in
1389 1753 1570 1814 memorato
1592 1744 1666 1815 foco

242 1867 360 1938 molitu
383 1876 416 1939 et
437 1867 473 1938 in
495 1866 676 1961 piscbinule
699 1877 733 1938 et
754 1866 920 1938 nominntn
940 1865 1086 1959 piscbine
1109 1865 1150 1938 de
1173 1865 1365 1939 monianum
1389 1875 1422 1936 et
1437 1864 1500 1936 elie
1516 1863 1663 1959 piscbin'e

244 1991 285 2062 de
308 1991 572 2062 nominato‘loco
594 1990 786 2062 muniennm
809 1987 866 2060 ubi
888 1989 1038 2084 portione
1061 1989 1195 2062 abemm
1217 2011 1294 2060 cum
1317 1987 1519 2060 consortibus
1543 1993 1662 2063 nostris

241 2126 466 2189 remanserunt
488 2139 676 2191 communes
698 2115 898 2190 inter'nobis
921 2117 1104 2211 nostrisque
1126 2115 1327 2189 heredibus:
1353 2115 1488 2210 insuper
1511 2116 1666 2188 definivi-

243 2261 317 2311 mus
339 2240 424 2312 inter
457 2240 550 2312 nobis
573 2242 670 2314 etde
693 2241 803 2314 omnin
825 2249 859 2316 et
880 2240 917 2313 in
943 2241 1095 2313 omnibns
1130 2263 1196 2334 qne
1219 2239 1303 2312 inter
1336 2239 1429 2312 nobis
1460 2241 1662 2312 communale

140 2359 147 2370 '
241 2365 390 2438 rbnimus
412 2369 453 2441 de
476 2390 606 2442 omnem
620 2368 797 2440 substantia
811 2369 986 2440 nominetis
1006 2367 1205 2461 genitoribus
1219 2368 1359 2438 nostris:
1385 2377 1418 2440 et
1441 2370 1599 2466 unusquis
1622 2391 1665 2440 ex

241 2488 333 2561 nobis
349 2512 439 2563 suem
462 2490 579 2563 eunde
601 2499 791 2562 comecutns
813 2499 861 2562 est
882 2491 1080 2584 portionem:
1095 2499 1128 2562 et
1148 2488 1232 2561 nibil
1246 2489 1378 2586 aliquod
1400 2491 1485 2564 inter
1497 2492 1589 2564 uobis
1609 2493 1668 2564 in·

242 2640 412 2692 commune
435 2627 492 2690 eut
513 2616 690 2690 indivisum
712 2615 865 2688 remansit
886 2616 973 2688 unde
989 2637 1048 2688 nes
1063 2639 1200 2714 querere
1219 2635 1387 2712 possumus
1404 2619 1444 2692 de
1460 2641 1591 2707 emnem
1605 2621 1666 2693 di·

241 2756 329 2820 ctnm
343 2758 376 2822 et
398 2771 465 2820 non
488 2746 611 2819 dictum
634 2748 756 2822 factum
778 2754 811 2819 ct
833 2768 900 2818 nou
922 2748 1044 2818 metum
1065 2755 1280 2822 memoratum
1304 2757 1337 2821 et
1359 2771 1426 2821 non
1448 2755 1663 2823 memoratum

240 2877 409 2972 cognitum
434 2883 466 2946 et
488 2873 689 2968 incognitum
711 2879 892 2966 presentem
915 2879 949 2944 et
970 2871 1112 2947 ameum
1137 2872 1220 2946 idest
1234 2874 1275 2946 de
1289 2873 1399 2946 omnin
1414 2874 1498 2947 etin
1512 2873 1662 2946 omnibns

240 3009 272 3072 et
294 2997 378 3072 nibil
401 2999 486 3082 inter
508 2997 601 3070 nobis
624 2996 777 3070 remansit
799 2995 861 3068 nisi
885 2996 951 3069 solu
973 2995 1077 3092 mitia
1099 3005 1132 3068 et
1154 2994 1344 3070 ceritatem:
1370 3006 1507 3092 excepto
1529 2996 1665 3070 heredes

240 3128 407 3226 qnondam
423 3126 549 3198 trrmrii
563 3125 763 3199 comenditus
777 3136 888 3197 uestro
903 3126 943 3200 de
959 3124 1032 3196 loco
1043 3123 1101 3222 qni
1112 3133 1248 3198 vocetur
1263 3124 1405 3220 lecopnli
1420 3147 1497 3198 cum
1513 3124 1664 3200 omnibus

238 3252 299 3326 siri
312 3251 557 3348 pertinentibus:
570 3261 603 3326 et
619 3260 754 3346 excepto
768 3257 926 3346 quantum
941 3248 1074 3322 ubeums
1087 3249 1123 3320 in
1137 3271 1307 3322 romanum
1318 3259 1351 3322 et
1362 3257 1520 3345 qnantum
1531 3251 1663 3325 memus

238 3384 272 3452 iu
296 3380 457 3454 asininum
479 3390 513 3452 et
535 3383 569 3452 in
592 3379 767 3453 romaniet
789 3376 966 3474 ingulfum
989 3385 1045 3447 ent
1068 3375 1098 3448 si
1121 3375 1157 3447 in
1180 3375 1245 3446 elic
1267 3374 1341 3446 loco
1365 3375 1498 3470 aliquod
1520 3377 1662 3470 conqui-

236 3526 309 3577 rere
333 3516 389 3576 ent
410 3505 542 3576 vincere
555 3504 758 3598 potuerimus
779 3501 849 3576 sive
871 3499 1059 3574 bominibus
1074 3500 1128 3572 vel
1144 3499 1239 3572 terris
1252 3507 1308 3569 eut
1323 3495 1412 3570 sifbis
1427 3497 1481 3570 vel
1498 3497 1559 3570 ulis
1576 3523 1661 3594 qun-

188 3693 192 3700 .
237 3633 286 3704 bis
309 3653 404 3704 ceusu
427 3654 508 3726 quus
531 3631 615 3702 inter
637 3629 732 3702 nobis
754 3627 898 3702 dividere
921 3625 1093 3698 debeamus
1111 3647 1170 3720 per
1184 3623 1390 3696 medietatem
1403 3622 1482 3716 quie
1499 3621 1545 3693 itu
1567 3623 1660 3696 nobis

236 3756 344 3833 stetit:
370 3761 398 3830 si
422 3767 532 3830 nutem
554 3757 642 3828 eliud
663 3754 835 3826 fecerimus
849 3753 891 3825 ds
913 3749 978 3822 biis
1000 3747 1151 3822 omnibus
1173 3745 1347 3820 nominetis
1362 3768 1421 3842 per
1443 3745 1562 3842 qucbis
1584 3771 1661 3822 mo-

237 3889 318 3960 dum
342 3895 400 3958 unt
421 3884 601 3956 summissis
623 3881 769 3978 personis
791 3889 870 3952 tnnc
892 3900 1055 3974 compono
1077 3901 1141 3973 ego
1157 3885 1190 3950 et
1204 3875 1340 3949 heredes
1354 3876 1436 3948 meis
1453 3875 1513 3948 tiri
1527 3877 1659 3973 tuisque

234 4011 410 4086 heredibus
433 4012 506 4082 euri
529 4009 648 4082 solidos
668 4007 836 4102 sexaginte
867 4003 1048 4100 bytiunteos
1070 4011 1104 4074 et
1126 4024 1164 4074 ec
1186 4001 1331 4076 cbnuuln
1354 4010 1392 4075 ut
1414 4021 1511 4096 super
1540 4001 1660 4098 legitur

236 4142 278 4212 sit
302 4141 396 4214 &me
418 4138 537 4234 scripte
559 4161 617 4233 per
640 4156 755 4210 munus
778 4131 928 4206 iohmnu
951 4130 1083 4204 eminis
1105 4129 1246 4203 scribere
1269 4138 1402 4226 rogetus
1418 4151 1478 4224 per
1495 4131 1659 4202 nominate

237 4263 412 4337 indictione
432 4260 464 4356 †
486 4261 550 4332 boe
573 4259 702 4355 signum
724 4256 756 4354 †
778 4275 894 4330 manns
915 4253 1079 4330 nominate
1102 4277 1185 4330 enne
1207 4276 1270 4348 ego
1292 4277 1354 4350 pro
1370 4276 1424 4326 ees
1439 4252 1659 4350 subscripsi†

238 4399 270 4462 et
293 4389 357 4462 boc
378 4388 548 4462 memorati
570 4405 682 4458 sumus
703 4392 742 4456 nt
764 4381 910 4455 cburtulc
942 4382 1058 4458 exfalin
1089 4403 1189 4478 qnam
1216 4381 1304 4452 inter
1335 4379 1429 4450 nobis
1458 4381 1593 4455 fecimus
1620 4393 1658 4458 nt

239 4517 381 4590 conduct
402 4515 444 4587 sit
466 4515 550 4586 inter
580 4510 675 4583 nobis
704 4507 887 4602 nostrisque
909 4505 1082 4580 heredibus
1116 4507 1209 4578 firme
1232 4514 1266 4578 et
1288 4503 1436 4578 stabilis:
1471 4507 1576 4602 tetigit
1603 4509 1657 4580 bic
1743 4492 1746 4500 ’
1899 4481 1902 4496 ’

239 4651 273 4714 et
294 4640 431 4712 fundum
453 4636 511 4734 qni
534 4643 583 4710 est
604 4641 701 4728 ceput
723 4631 764 4706 de
787 4631 989 4704 nominatum
1012 4651 1128 4724 mmpn
1152 4628 1194 4702 ds
1215 4631 1434 4706 mnnimnm:
1459 4631 1517 4706 ubi
1539 4634 1658 4708 residet

239 4765 387 4839 bonitule
407 4787 416 4832 :
