4876 6532
1384 587 1533 683 (rur)

756 751 843 822 souis
866 745 1044 819 summissis
1060 744 1150 818 nudo
1169 750 1313 838 tempore
1336 763 1517 836 numquam
1539 761 1598 813 vos
1614 737 1745 810 oberte
1761 737 1912 811 eutimius
1935 739 2055 814 Christi
2070 766 2183 816 sucer-

751 883 842 953 dotes
866 886 922 949 unt
946 877 1078 950 ecclesia
1100 885 1157 946 tus
1180 899 1286 970 neque
1309 874 1457 946 custodes
1481 873 1551 946 eius
1564 871 1719 966 presentis
1736 878 1792 942 aut
1806 871 1924 942 tuturis
1948 872 2042 944 abens
2058 875 2176 946 exinde

754 1031 963 1103 quacumque
986 1005 1196 1102 requisitione
1220 1013 1276 1074 aut
1300 1002 1446 1075 molestia
1463 1025 1521 1096 per
1537 1000 1662 1073 nullum
1686 999 1819 1070 modum
1844 1021 1904 1070 nec
1927 1023 1985 1094 per
2005 1002 2183 1074 summissis

754 1138 901 1233 personis
926 1161 944 1206 u
967 1157 1054 1206 nuuc
1079 1143 1112 1205 et
1135 1133 1170 1202 iu
1186 1129 1348 1225 perpetuis
1366 1127 1574 1222 temporibus.
1599 1127 1790 1197 tantumodo
1806 1124 1968 1196 licentium
1984 1126 2097 1198 abeam
2120 1151 2182 1224 ego

755 1263 907 1334 omuibus
931 1262 997 1332 vite
1021 1281 1111 1332 meuc
1135 1257 1189 1328 illa
1206 1259 1240 1328 iu
1257 1256 1389 1347 colligio
1414 1255 1556 1328 detinere
1573 1261 1605 1324 ut
1619 1253 1831 1324 lavorandnm
1854 1251 1893 1323 du
1918 1265 2097 1326 memorata
2121 1279 2182 1326 ec-

756 1393 853 1464 clesia
876 1392 911 1464 iu
934 1388 1052 1482 placito
1084 1395 1123 1458 ut
1156 1385 1191 1454 in
1225 1391 1403 1458 memorato
1427 1383 1500 1452 loco
1532 1382 1654 1454 iustum
1678 1383 1795 1457 tuerit:
1833 1381 1870 1486 Si
1891 1395 2000 1454 sutem
2031 1407 2094 1477 ego
2131 1387 2184 1458 vel

756 1516 890 1588 heredes
914 1511 993 1581 meis
1016 1505 1133 1601 quobis
1155 1513 1301 1599 tempore
1324 1513 1436 1576 coutm
1459 1505 1543 1578 hunc
1566 1505 1712 1578 chartula
1741 1507 1918 1580 offertionis
1949 1519 2104 1618 utqsuper
2129 1512 2184 1582 lc-

758 1644 846 1736 gitur
868 1635 978 1708 heuire
1005 1633 1272 1727 presumserimus
1296 1642 1329 1704 et
1352 1632 1487 1705 minimo
1510 1633 1774 1728 atiuplcverimus
1793 1633 1855 1706 hcc
1870 1637 1980 1706 omniu
2005 1648 2181 1738 memoratu

758 1791 815 1866 per
838 1763 984 1859 quolibet
1006 1764 1139 1834 modum
1164 1770 1219 1834 unt
1241 1763 1420 1834 summissis
1444 1763 1589 1856 personis
1612 1773 1690 1833 tuuc
1714 1763 1937 1856 componimus
1954 1764 2180 1838 immemorata

759 1893 890 1971 ecclesia
914 1903 946 1964 et
970 1903 1002 1963 ut
1025 1892 1172 1962 custodes
1195 1892 1344 1962 iamdicto
1358 1891 1499 1964 'ecclesie
1523 1891 1679 1986 presentis
1702 1901 1735 1963 et
1757 1893 1874 1964 tuturis
1898 1895 1970 1965 auri
1990 1895 2110 1968 solidos
2124 1901 2183 1968 vi-

757 2023 839 2114 ginti
862 2027 1017 2114 quattuor
1049 2017 1252 2111 bythiuuteos
1281 2024 1315 2088 et
1337 2015 1398 2088 hoc
1422 2015 1568 2090 chartula
1605 2018 1781 2090 offertionis
1807 2027 1844 2089 ut
1870 2043 1967 2113 super
2002 2023 2119 2114 legitur
2143 2027 2182 2096 sit

758 2147 879 2218 firma:
905 2144 1022 2239 scripta
1045 2167 1103 2237 per
1126 2165 1240 2214 manus
1263 2143 1348 2239 petri
1370 2143 1501 2216 curiatis
1525 2143 1665 2216 scribere
1687 2155 1818 2239 rogatus
1834 2170 1892 2241 per
1915 2147 2089 2221 indictione
2108 2173 2184 2222 mc—

760 2280 887 2344 moruta
910 2269 1103 2368 hoctulruss

857 2400 921 2469 hoc
944 2401 1073 2492 siguum
1096 2396 1127 2491 †
1149 2417 1265 2468 munus
1296 2398 1468 2470 memorati
1503 2398 1618 2492 uligisi.
1652 2399 1783 2492 siguum
1806 2398 1837 2491 †
1859 2423 1973 2474 munus
1994 2401 2178 2496 {memorate

763 2525 859 2596 cicire
881 2523 1012 2618 coniugi
1036 2543 1094 2596 sue
1118 2545 1185 2617 quo
1207 2545 1270 2615 ego
1292 2522 1352 2616 qui
1374 2532 1569 2594 memoratos
1592 2546 1653 2617 pro
1677 2524 1708 2596 ei
1731 2524 1952 2618 subscripsi†

844 2645 1000 2740 †nro
1022 2623 1075 2720 io
1098 2655 1274 2720 umrorc
1298 2627 1359 2718 nTr
1382 2655 1522 2720 curru
1545 2656 1772 2720 mortuone
1797 2659 1826 2722 A
1850 2625 1956 2722 c'n'do
1974 2661 2187 2726 munusue

669 2752 677 2764 ⁴
765 2780 890 2846 nuens
913 2749 1079 2863 n'o'ffl

859 2889 993 2984 †nro
1023 2903 1261 2970 uncturorc
1289 2900 1465 2966 murone
1495 2871 1557 2964 nii
1580 2870 1641 2966 1s'i'
1658 2903 1885 2968 rorsnorc
1908 2905 1937 2968 s
1962 2879 2069 2968 cmo
2092 2907 2188 2970 ror-

766 3026 909 3092 rssuc
932 3025 1057 3090 nuum
1075 2997 1243 3111 ῐόῇψ

863 3146 894 3241 †
917 3156 1005 3268 nro
1031 3153 1284 3220 cruosrrorc
1306 3157 1472 3222 sunum
1496 3120 1529 3220 d
1552 3158 1779 3220 mortuom
1802 3125 1953 3226 Αὸὅῐο
1977 3162 2189 3226 rurrmuc

768 3282 893 3346 trucul
915 3286 1025 3348 coru
1048 3273 1080 3368 †

862 3397 893 3493 †
916 3399 989 3496 Ego
1014 3411 1125 3497 potrus
1147 3403 1285 3476 (luridis
1312 3400 1478 3495 Complevi
1507 3411 1540 3472 st
1568 3399 1692 3474 absolvi
1723 3423 1782 3495 per
1810 3401 1982 3478 indictione
2016 3411 2190 3476 memorata

768 3526 905 3606 hootnbn
928 3529 959 3628 †
