4900 6528
1316 595 1322 610 ’
1415 652 1558 750 (sse)

1436 940 1561 1021 CLXV.

657 1215 714 1264 an.
879 1197 911 1296 †
932 1199 970 1270 in
991 1198 1128 1272 nomine
1150 1194 1279 1272 domini
1301 1193 1354 1268 dei
1375 1189 1547 1262 salvatoris
1569 1191 1675 1262 nostri
1693 1189 1795 1264 theru
1810 1185 1934 1264 Christi
1946 1189 2130 1288 lupersnte
2144 1199 2215 1274 do-

645 1325 732 1390 9⁷7·
789 1329 879 1402 mino
902 1332 1013 1400 nostm
1038 1321 1152 1394 basilio
1175 1335 1293 1409 magon
1316 1315 1514 1409 Imperatore
1546 1336 1631 1388 anno
1654 1313 1945 1412 septimodecimo:
1979 1315 2036 1390 sed
2064 1327 2097 1392 et
2122 1343 2210 1396 cen·

791 1457 928 1529 stentino
961 1453 1061 1522 irater
1092 1447 1161 1516 eius
1192 1460 1311 1534 magno
1333 1439 1528 1536 imperatore
1559 1465 1645 1518 enno
1666 1453 1785 1542 quarto
1808 1443 1957 1520 decimo:
1990 1444 2045 1520 die
2073 1449 2213 1524 munta

792 1585 910 1658 mensis
932 1569 1087 1649 februarii
1120 1567 1296 1644 indictione
1327 1569 1441 1668 quinte
1463 1572 1614 1670 neapoli:
1649 1573 1783 1648 Certum
1805 1583 1854 1650 est
1875 1595 1930 1650 me
1952 1582 2083 1671 petrum
2105 1575 2209 1650 tilium

793 1695 1090 1802 quendomiulieni
1112 1695 1168 1772 oui
1191 1715 1289 1792 supra
1312 1717 1431 1772 nomon
1455 1697 1547 1772 corbi
1569 1698 1629 1796 qni
1651 1699 1714 1772 suit
1736 1699 1899 1774 bobitstor
1918 1721 2018 1797 super
2041 1700 2163 1776 :libum
2182 1711 2215 1776 at

793 1837 938 1902 sanctum
960 1830 1089 1918 potrum
1112 1827 1145 1893 et
1167 1831 1363 1917 paternum:
1389 1844 1455 1896 uns
1471 1847 1548 1899 oum
1562 1844 1755 1900 eonsensum
1773 1823 1905 1900 eufimia
1926 1827 2090 1923 genetrice
2111 1849 2212 1900 mea:

794 1977 852 2028 sen
882 1960 1014 2026 etcum
1043 1966 1237 2026 consensum
1268 1971 1351 2024 enne
1373 1950 1506 2050 coniugi
1529 1973 1647 2030 mese:
1671 1948 1704 2028 A
1731 1955 1871 2054 presenti
1898 1955 1952 2032 dio
1975 1953 2214 2052 promptissima

796 2079 960 2156 voluntate
982 2077 1167 2155 venundedi
1189 2083 1223 2152 et
1244 2075 1362 2154 estid
1384 2077 1479 2153 robis
1501 2079 1636 2154 domino
1659 2079 1816 2178 stephano
1839 2079 1935 2156 mittti
1958 2079 2029 2156 filio
2050 2081 2216 2178 quondam
2264 2135 2269 2148 .
2310 2154 2323 2180 Ι

797 2209 921 2284 donnini
943 2208 1029 2284 leoni
1051 2205 1148 2284 militi
1169 2215 1203 2282 et
1225 2205 1356 2283 domins
1378 2209 1468 2304 pitru
1489 2209 1624 2285 honuta
1647 2211 1766 2284 femine
1787 2209 1852 2284 hoe
1874 2219 1924 2284 est
1943 2211 2088 2306 iugales:
2128 2211 2215 2284 ldest

797 2336 936 2432 integras
959 2335 1126 2410 sexuuciss
1147 2355 1235 2410 mess
1259 2335 1300 2411 de
1322 2337 1462 2414 mntem
1484 2339 1626 2436 positum
1648 2339 1684 2410 in
1705 2346 1885 2414 memorato
1913 2339 1989 2412 loeo
2007 2348 2044 2412 et
2065 2347 2214 2414 sunctum

797 2471 924 2558 petrum
947 2471 980 2536 st
1000 2467 1170 2558 psternuun
1193 2484 1258 2538 uns
1281 2485 1358 2542 oum
1382 2465 1550 2542 arboribus
1572 2472 1606 2538 et
1629 2467 1786 2538 humores
1808 2471 1843 2538 et
1865 2464 2012 2538 introitus
2044 2487 2162 2542 esrum
2186 2473 2219 2538 et

797 2589 946 2662 omnihus
968 2587 1032 2662 sivi
1053 2589 1312 2686 pertinentibus:
1338 2594 1397 2690 qui
1419 2594 1551 2668 cohuet
1572 2592 1635 2666 siri
1658 2591 1699 2664 ab
1722 2613 1790 2666 uno
1811 2595 1911 2666 tatere
1934 2592 2075 2666 tmtum
2097 2591 2141 2666 de
2164 2588 2212 2662 itti

798 2713 909 2788 hebuli
932 2712 1027 2804 sicuti
1048 2713 1133 2788 inter
1154 2735 1190 2790 se
1212 2716 1364 2796 termines
1388 2717 1536 2794 minat:
1565 2725 1599 2792 et
1622 2719 1664 2789 ob
1683 2717 1747 2790 atio
1761 2717 1863 2790 latere
1883 2715 2015 2790 ooheret
2038 2713 2116 2788 atius
2137 2735 2219 2788 sex·
2271 2759 2277 2768 ·

800 2842 912 2916 uncies
934 2851 1056 2918 vestrm
1078 2867 1122 2918 ex
1144 2845 1252 2942 ipsum
1274 2845 1411 2920 tuntum
1445 2866 1546 2942 quem
1574 2853 1758 2942 comparata
1780 2843 1904 2920 habetis
1926 2867 1948 2916 s
1969 2844 2220 2939 congregatione

801 2949 948 3039 chartule
970 2969 1071 3042 sancti
1093 2970 1177 3066 petri
1200 2977 1235 3044 at
1257 2967 1307 3042 itti
1329 2969 1458 3046 ferrarii
1480 2970 1704 3044 distributores
1726 2969 1833 3044 enimc
1854 2969 2019 3068 quondsm
2048 2969 2221 3044 memorati

802 3091 915 3166 iuliani
938 3097 992 3168 cui
1014 3116 1111 3190 supra
1132 3115 1252 3172 nomen
1274 3093 1366 3170 corbi
1388 3094 1528 3189 genitori
1550 3117 1646 3170 meo:
1673 3101 1707 3167 et
1729 3093 1771 3167 sb
1793 3116 1860 3169 uno
1881 3093 1986 3190 capita
2007 3093 2141 3168 ooheret
2157 3093 2214 3166 vie

802 3219 867 3317 qui·
884 3219 972 3296 badit
993 3223 1077 3296 inter
1098 3224 1205 3320 ipsum
1228 3223 1364 3298 fundum
1394 3231 1427 3294 et
1456 3223 1543 3300 inter
1568 3223 1707 3299 iundmu
1730 3223 1771 3294 de
1793 3222 1842 3294 illi
1865 3220 1983 3299 medici
2006 3221 2103 3295 sicuti
2131 3219 2217 3293 inter

801 3347 909 3444 ipsum
931 3348 1069 3424 fundum
1091 3351 1181 3446 quod
1198 3347 1255 3422 tibi
1271 3347 1453 3420 venundedi
1468 3353 1501 3426 et
1517 3347 1602 3421 inter
1617 3348 1686 3442 ipsa
1710 3347 1763 3417 vin
1785 3345 1870 3442 sepis
1890 3347 2019 3422 esfiust
2035 3355 2070 3420 et
2091 3344 2133 3418 ab
2156 3345 2221 3418 aiio

802 3477 905 3571 capite
919 3485 967 3552 est
990 3485 1076 3550 terra
1099 3477 1232 3550 heredes
1255 3473 1380 3550 domini
1403 3471 1546 3550 bitciiani
1569 3473 1681 3568 pelisri
1703 3473 1798 3546 sicuti
1822 3473 1953 3546 interss
1968 3473 2054 3568 sepis
2077 3471 2219 3546 exibunt:

804 3605 843 3676 de
859 3625 925 3698 qua
948 3602 1030 3682 nitet
1044 3603 1126 3680 mihi
1150 3602 1269 3675 exinde
1293 3600 1428 3698 aliquod
1451 3599 1605 3673 remansit
1622 3609 1678 3672 ant
1691 3601 1853 3675 resorberi
1866 3623 1926 3674 nec
1941 3602 1976 3673 in
1991 3601 2094 3674 eliens
2113 3601 2224 3675 euos

802 3755 869 3827 que
892 3753 1028 3828 persons
1069 3729 1292 3805 commisimus
1322 3735 1380 3801 ant
1411 3727 1478 3800 iam
1510 3729 1745 3804 eommicdmus
1777 3737 1954 3825 potestate:
1987 3737 2020 3803 et
2042 3755 2063 3800 a
2084 3729 2224 3824 presemi

803 3853 857 3928 ds'e
880 3863 913 3928 et
936 3853 1084 3952 deinceps
1108 3880 1127 3930 c
1150 3877 1205 3932 mo
1228 3851 1321 3926 robis
1344 3853 1386 3926 sit
1408 3853 1631 3931 venundatum
1645 3861 1679 3930 et
1693 3851 1849 3956 traditum
1864 3855 1899 3927 in
1914 3864 2021 3926 restra
2041 3853 2220 3950 seruisque

805 3973 977 4049 heredibus
999 3979 1042 4049 sit
1064 3985 1220 4071 potestate
1242 3975 1404 4072 quidquid
1426 3977 1543 4052 exinde
1565 3980 1670 4050 secere
1693 3979 1884 4053 volueritis:
1909 3988 1942 4052 et
1964 4001 2071 4076 neque
2094 3977 2222 4052 anobis

803 4122 910 4194 neque
933 4122 953 4169 a
976 4099 1094 4178 nostris
1126 4099 1299 4176 heredibus
1330 4121 1390 4180 uec
1413 4125 1433 4173 s
1456 4101 1549 4173 nobis
1581 4103 1725 4194 personis
1755 4103 1933 4177 summissis
1955 4103 2045 4180 urdio
2071 4113 2218 4200 tempore

805 4245 986 4320 numquam
1008 4243 1068 4296 ros
1090 4233 1146 4296 eut
1169 4224 1342 4306 heredibus
1364 4227 1480 4300 vestris
1511 4226 1600 4321 quod
1623 4227 1707 4300 absit
1730 4227 1849 4304 ubeeds
1873 4229 1990 4304 exinde
2013 4249 2220 4325 quacumque

807 4349 1016 4446 requisitione
1037 4357 1095 4430 aut
1117 4351 1263 4431 molestis
1286 4377 1306 4428 e
1330 4370 1416 4426 nnec
1438 4357 1473 4420 et
1495 4351 1705 4446 tmperpetuis
1727 4353 1951 4450 temporibus:
1976 4355 2110 4450 insuper
2128 4361 2162 4424 et
2177 4351 2218 4422 sb

811 4477 898 4551 omni
924 4477 1057 4552 homine
1079 4476 1234 4573 omnique
1258 4497 1396 4572 persone
1420 4496 1483 4571 ego
1500 4482 1534 4546 et
1549 4473 1720 4550 heredibus
1735 4477 1818 4550 meis
1831 4477 1923 4550 vobis
1940 4478 2116 4573 :utrisque
2132 4477 2226 4550 here·

809 4604 903 4677 dibus
926 4605 1043 4677 exinde
1065 4604 1100 4676 in
1123 4602 1272 4680 omnihus
1295 4609 1455 4674 antestare
1485 4609 1519 4672 et
1551 4599 1714 4674 deiemsre
1745 4599 1940 4672 demamus:
1973 4609 2106 4694 propter
2134 4599 2223 4695 quod

810 4730 918 4824 acoepi
941 4755 961 4800 a
984 4747 1044 4802 ros
1077 4727 1194 4800 exinde
1217 4727 1252 4800 iu
1275 4725 1430 4820 presentis
1461 4725 1544 4798 idest
1565 4726 1637 4797 auri
1671 4723 1734 4794 tari
1756 4721 2001 4817 quatuordecim
2030 4721 2119 4792 sieut
2140 4721 2221 4792 inter

810 4853 903 4930 uobis
926 4850 1109 4926 comiscuit:
1135 4859 1280 4922 actamen
1302 4848 1390 4922 stetit
1411 4851 1496 4920 inter
1518 4847 1612 4918 nobis
1634 4855 1672 4916 ut
1694 4845 1889 4940 quandoque
1905 4867 1959 4916 me
1981 4853 2039 4914 aut
2054 4841 2225 4916 heredibus

810 4982 892 5055 meis
908 4988 942 5052 at
957 4976 1179 5050 antestsndum
1201 4972 1453 5069 proboceberitis
1476 4971 1569 5044 nobis
1583 4967 1773 5046 hostendere
1788 4969 1929 5044 debeetis
1943 4969 2025 5045 idest
2043 4989 2108 5044 uus
2122 4967 2221 5042 cher-
