4876 6532
895 635 1039 731 (¹17)
1087 701 1089 706 .

256 794 356 868 saulis
379 799 435 865 aut
458 805 578 868 eomm'
596 789 671 864 filiis
694 790 821 884 filiabus
848 811 890 861 ne
920 797 1053 886 nepotes
1084 791 1231 886 ipsorum
1259 793 1377 864 orierit
1407 794 1491 868 inira
1514 802 1598 871 etate
1622 803 1680 871 ant

259 921 329 992 sine
351 916 520 1012 proprium
542 915 695 987 heredem
730 917 770 986 de
797 915 875 986 hera
907 939 1011 986 uxore
1036 924 1069 988 et
1090 915 1164 985 viro
1187 925 1264 986 tune
1288 918 1328 986 de
1351 927 1527 990 memorata
1549 921 1675 1015 integra

260 1065 374 1118 eorum
398 1040 569 1113 donatione
592 1039 651 1110 uni
674 1038 767 1110 alteri
789 1039 873 1110 inter
897 1061 931 1112 se
955 1059 1135 1134 eorumque
1158 1039 1298 1132 propriis
1320 1039 1494 1112 heredibus
1518 1044 1677 1115 moriatur

260 1170 410 1243 siluerit
434 1167 746 1262 inlrnetategratis
776 1167 805 1238 si
840 1189 920 1238 vero
950 1166 1094 1259 legitime
1123 1165 1222 1258 luerit
1254 1167 1349 1236 detur
1377 1189 1438 1257 pro
1469 1168 1540 1240 eius
1569 1173 1677 1244 anima

262 1293 464 1365 medietatem
498 1291 638 1385 p'retium
673 1290 714 1362 de
747 1291 838 1384 quod
868 1289 936 1383 ipsa
971 1288 1042 1362 eius
1069 1289 1177 1383 portio
1200 1287 1317 1360 exinde
1341 1289 1516 1382 appretiata
1538 1293 1678 1362 tuerita

258 1419 527 1494 christianissimis
549 1418 641 1490 viris.
666 1427 700 1490 et
721 1419 749 1488 si
772 1417 959 1488 memoratis
982 1416 1055 1486 liliis
1077 1417 1158 1488 meis
1182 1423 1239 1487 aut
1261 1437 1377 1488 eorum
1400 1416 1474 1487 filiis
1499 1416 1626 1490 filiabus
1641 1443 1678 1491 ac

261 1555 393 1642 nepotes
416 1547 562 1640 ipsorum
584 1537 660 1617 t'otis
683 1544 822 1616 uvierint
846 1543 916 1616 sine
937 1543 1108 1638 proprium
1141 1545 1293 1616 heredem
1317 1553 1395 1614 tune
1421 1554 1599 1616 memorata
1623 1545 1680 1615 in·

260 1681 352 1766 tegra
375 1691 491 1743 eorum
514 1669 645 1743 dotione
668 1667 871 1754 rebertautur
895 1669 936 1740 ad
959 1675 1152 1740 memoratas
1175 1667 1257 1738 lilias
1282 1690 1368 1740 meas
1392 1669 1527 1740 feminas
1551 1693 1675 1742 earum·

262 1819 329 1892 que
351 1797 491 1891 propriis
515 1795 687 1868 heredibus
709 1795 738 1866 si
762 1795 882 1866 luerint
905 1795 988 1865 inira
1011 1802 1094 1864 etate
1117 1793 1217 1886 gratis
1240 1793 1267 1862 si
1291 1816 1370 1864 vero
1392 1793 1531 1885 legitimi
1559 1795 1679 1866 luerint

260 1923 357 1996 detur
379 1945 440 2016 pro
462 1921 593 1994 illorum
618 1921 723 1992 anime
745 1921 780 1992 in
803 1929 982 1992 memorato
1005 1920 1200 1992 monasterio
1223 1919 1425 1991 medietatem
1455 1921 1608 2014 pretium.
1636 1923 1676 1992 de

259 2047 349 2139 quod
373 2047 548 2138 appretiata
572 2045 669 2116 luerit
692 2068 711 2114 a
735 2041 1003 2114 christianissimis
1026 2043 1116 2116 viris.
1152 2042 1277 2138 reliqua
1309 2067 1387 2116 vero
1419 2066 1547 2115 omnem
1570 2065 1678 2116 meam
1721 2071 1736 2094 ·‘

260 2178 296 2240 et
317 2170 488 2244 memorati
512 2169 575 2238 viri
599 2169 664 2240 mei
688 2170 864 2241 hereditate
888 2193 946 2242 seu
970 2169 1146 2272 substantia
1168 2169 1209 2242 de
1232 2171 1318 2243 intus
1342 2179 1375 2240 et
1398 2171 1478 2243 loris
1508 2171 1682 2244 omnihus·

158 2287 161 2295 ’
262 2317 341 2390 qne.
367 2291 415 2364 eis
438 2294 669 2385 pertinentibus
697 2296 764 2366 sint
794 2296 835 2365 de
869 2297 1056 2368 memoratis
1089 2295 1162 2366 liliis
1193 2305 1225 2370 et
1247 2297 1329 2368 filias
1352 2298 1443 2369 meis.
1478 2308 1511 2370 et
1533 2298 1679 2371 dividant

263 2416 326 2490 nivi
348 2415 421 2488 illut
444 2417 529 2490 inter
551 2441 585 2490 se
609 2418 645 2487 in
668 2428 819 2512 quartam
842 2427 994 2514 partem:
1019 2419 1057 2488 ln
1081 2443 1122 2492 eo
1144 2421 1231 2492 enim
1248 2431 1359 2496 tenore
1375 2431 1412 2495 ut
1428 2425 1456 2495 si
1472 2423 1546 2520 quis
1570 2445 1612 2496 ex
1636 2426 1684 2516 εἰς,

264 2544 318 2616 vel
341 2567 384 2618 ex
408 2565 460 2618 eas
483 2551 540 2616 aut
563 2539 678 2616 eorum
701 2544 776 2616 dhis
800 2544 926 2616 filiabus
949 2568 987 2616 ae
1009 2555 1146 2640 nepotes
1175 2547 1322 2642 ipsorum
1346 2551 1464 2626 ovierit
1487 2551 1572 2623 inira
1597 2557 1681 2624 etate

264 2677 321 2738 aut
344 2667 412 2740 sine
435 2666 608 2763 proprium
630 2667 781 2740 heredem
806 2669 847 2740 de
869 2690 974 2740 uxore
1006 2677 1040 2742 et
1062 2669 1136 2741 viro
1159 2679 1235 2743 tunc
1260 2673 1300 2744 de
1322 2673 1446 2770 reliqua
1470 2675 1580 2746 omnia
1601 2697 1678 2746 me-

265 2814 393 2864 morata
417 2793 475 2864 uni
499 2791 601 2864 alterii
625 2792 708 2864 inter
731 2815 766 2864 se
790 2814 968 2888 eorumque
990 2793 1129 2888 propriis
1143 2795 1316 2869 heredibus
1337 2799 1516 2870 moriantur
1538 2799 1566 2871 si
1583 2800 1681 2870 luerit

263 2919 348 2992 inira
372 2927 455 2991 etate
479 2920 577 3013 gratis
600 2921 728 2992 sivero
751 2919 894 3012 legitime
928 2921 1027 2992 luerit
1053 2921 1147 2994 detur
1169 2947 1230 3018 pro
1254 2925 1324 2996 eius
1347 2927 1454 2996 anima
1485 2925 1520 2994 in
1549 2947 1681 2995 memo-

264 3051 338 3116 rato
360 3045 555 3116 monasterio
578 3046 780 3118 medietatem
803 3047 945 3140 pretium
978 3049 1018 3120 de
1051 3048 1141 3144 quod
1173 3049 1242 3144 ipsa
1272 3049 1342 3122 eius
1375 3051 1481 3144 portio
1506 3049 1681 3144 appretiata

263 3171 362 3246 luerit
396 3195 414 3241 a
445 3169 714 3242 christianissimis
747 3172 838 3244 viris.
877 3182 909 3246 et
943 3170 970 3244 si
999 3175 1088 3270 quod
1125 3176 1204 3248 deus
1238 3175 1310 3247 fieri
1347 3199 1413 3248 non
1448 3175 1613 3270 permittat
1648 3184 1684 3245 et

262 3293 450 3370 memmatis
472 3293 546 3364 filiis
569 3301 603 3363 et
626 3293 706 3366 filias
729 3296 809 3366 meis
832 3307 889 3365 aut
912 3317 1026 3368 eorum
1050 3295 1125 3368 liliis
1148 3296 1272 3368 filiabus
1296 3320 1355 3367 nne
1379 3306 1510 3390 nepotes
1530 3297 1678 3391 ipsorum

266 3421 344 3492 totis
367 3419 508 3492 ovierint
543 3418 612 3490 sine
635 3419 805 3512 proprium
828 3418 978 3491 heredem
1010 3429 1087 3492 tune
1120 3429 1297 3490 memorata
1322 3420 1430 3490 omnia
1453 3443 1525 3490 meu
1549 3428 1581 3490 et
1602 3441 1680 3490 ωε·-

263 3547 383 3619 morati
407 3545 470 3617 viri
493 3546 558 3616 mei
582 3545 759 3618 hereditate
783 3567 840 3616 seu
865 3547 1038 3619 substantia
1061 3547 1102 3618 de
1125 3545 1212 3617 intus
1235 3559 1268 3617 et
1289 3545 1370 3616 soris
1394 3543 1608 3638 omnibusque
1632 3543 1679 3615 eis

257 3671 494 3767 pertinentibus
516 3672 718 3746 rebertantur
740 3683 773 3744 et
794 3672 836 3742 sit
859 3675 1008 3744 offertum
1032 3695 1093 3767 pro
1116 3697 1188 3744 mea
1211 3682 1244 3744 et
1267 3671 1435 3743 memorati
1459 3669 1522 3742 viri
1538 3669 1603 3741 mei
1618 3693 1682 3762 pa-

263 3799 407 3894 riterque
429 3797 575 3894 ipsorum
598 3797 704 3868 anime
735 3797 770 3868 in
793 3807 972 3868 memorato
1006 3797 1223 3869 monasterio:
1262 3796 1419 3890 lungendi
1451 3793 1617 3865 minuandi
1642 3793 1682 3864 de

162 4015 167 4033 ,
263 3926 413 3998 omnihm
435 3924 621 3998 memoratis
644 3924 712 4000 sibe
736 3924 775 3996 de
798 3933 903 3996 totum
919 3925 975 3999 vel.
995 3949 1037 3999 ex
1060 3935 1150 4021 parte
1173 3924 1323 3995 omnihus
1346 3921 1413 3994 vite
1435 3945 1526 3994 meae
1549 3922 1585 3992 in
1607 3943 1680 3992 mea

262 4050 426 4133 resorberi
459 4058 648 4143 potestatem
679 4048 818 4142 qualiter
849 4049 954 4121 iacere
987 4048 1151 4120 volueroz
1189 4046 1314 4118 Habeat
1347 4053 1454 4118 saneta
1483 4027 1682 4137 neapolitana

262 4177 397 4250 eeclesia
429 4199 490 4271 pro
520 4173 703 4244 luminiaria
738 4173 859 4268 absquo
891 4173 1010 4244 iniuria
1040 4171 1184 4243 tremisse
1218 4192 1322 4241 unum
1344 4167 1608 4262 neapolitanum:
1648 4165 1683 4235 Si

264 4307 338 4402 qnis
361 4313 471 4376 autem
495 4303 535 4374 de
558 4301 730 4373 heredibus
765 4301 846 4372 meis
879 4309 934 4370 aut
967 4299 1027 4370 alia
1057 4299 1172 4394 quabis
1203 4319 1340 4392 persona
1363 4293 1463 4390 parba
1487 4302 1543 4363 aut
1566 4313 1683 4386 magna

263 4428 380 4524 quovis
403 4437 548 4521 tempore
574 4436 684 4494 eontra
708 4424 794 4494 hunc
817 4445 926 4494 meum
950 4419 1138 4514 dispositum
1162 4429 1200 4488 ut
1223 4441 1320 4510 super
1342 4416 1461 4509 legitur
1476 4413 1586 4484 venire
1602 4437 1682 4508 pre-

264 4550 413 4622 sumserit
434 4573 493 4644 per
516 4548 633 4642 quovis
657 4547 791 4616 modum
815 4556 870 4614 aut
893 4543 1071 4614 summissis
1094 4541 1238 4636 persoms
1264 4549 1338 4609 tune
1362 4545 1534 4632 componat
1557 4538 1625 4630 ipse
1649 4545 1681 4607 et

263 4676 398 4750 heredes
413 4677 481 4748 eius
504 4677 545 4748 ad
567 4682 691 4769 partem
706 4672 764 4766 qui
780 4694 855 4742 eum
873 4667 1091 4741 observaverit
1114 4667 1248 4761 eiusque
1271 4663 1441 4736 heredibus
1466 4663 1536 4733 anri
1561 4661 1686 4732 solidos
1801 4715 1806 4724 .

264 4803 496 4900 quinquaginta
519 4801 738 4896 bythianteos:
765 4807 798 4870 et
820 4798 880 4868 hec
903 4817 1014 4867 meum
1031 4793 1221 4889 dispositum
1238 4791 1376 4887 qualiter
1392 4789 1533 4860 eontinet
1549 4787 1681 4860 firmum

264 4932 450 5018 permaneat
473 4921 732 5016 imperpetuum:
764 4917 919 5012 scriptum
942 4937 1074 5010 quoque
1103 4931 1170 5006 per*
1193 4933 1324 4981 manum
1350 4907 1494 5003 gregorii
1516 4904 1682 5001 scriptoris

265 5051 331 5122 lilio
355 5045 632 5123 domini'iotanni
655 5045 785 5119 curialis
808 5068 867 5139 per
890 5041 1065 5116 indictione
1088 5051 1267 5111 memorata
1292 5037 1418 5107 ootaba
1441 5033 1472 5130 †
