4876 6532
1412 677 1554 774 (roo)

775 849 900 914 atamen
924 846 1067 935 protesto
1091 847 1127 910 nt
1151 838 1331 910 nullatenus
1355 837 1580 932 presummetis
1604 857 1662 906 ros
1678 845 1734 905 aut
1760 838 1897 930 posteris
1922 839 2036 910 vestris
2060 841 2192 934 aliquod

775 968 815 1036 de
839 964 902 1036 hoc
924 965 1015 1061 quod
1038 963 1186 1056 superius
1208 961 1302 1032 uobis
1325 961 1440 1032 offerui
1464 986 1483 1030 a
1505 969 1660 1054 potestate
1683 971 1716 1032 et
1732 962 1921 1033 condicione
1942 964 2113 1035 memorati
2127 975 2192 1036 re'-

775 1093 833 1164 stri
856 1089 1029 1164 monasteri
1053 1087 1241 1160 subtrahere
1265 1097 1321 1160 aut
1339 1089 1483 1177 ⁴alienare
1507 1111 1566 1181 per
1589 1087 1715 1158 nullum
1738 1089 1872 1160 modum
1897 1097 1930 1161 et
1952 1091 1980 1161 si
1996 1089 2059 1162 hoc
2084 1095 2188 1164 lacere

779 1214 1032 1315 presummeritis
1054 1223 1131 1285 tunc
1153 1213 1315 1284 licentiam
1338 1223 1371 1284 et
1394 1221 1582 1305 potestatem
1605 1211 1743 1285 habeant
1765 1215 2027 1310 proquinqnores
2042 1229 2189 1311 parentes

777 1344 858 1414 meis
880 1343 960 1414 illud
986 1337 1200 1434 appreendere
1223 1345 1256 1407 et
1278 1336 1313 1404 in
1336 1337 1450 1406 eodem
1481 1336 1677 1408 monasterio
1710 1336 1791 1410 illud
1815 1338 1967 1410 roborare
1990 1341 2186 1434 perenniter.

774 1481 984 1542 veruntamen
1007 1464 1203 1554 ubicumque
1226 1461 1342 1532 exinde
1365 1470 1413 1534 'est
1435 1461 1572 1533 olibetus
1595 1487 1657 1556 ego
1688 1463 1768 1536 illud
1796 1465 1939 1558 lrugiare
1963 1465 2096 1540 debeam
2124 1469 2190 1541 vite

714 1621 719 1630 ·
777 1619 849 1666 mee
871 1599 944 1686 post
966 1609 1090 1658 maum-
1109 1583 1277 1656 transitum
1309 1583 1512 1658 rebertantnr
1544 1587 1580 1658 in
1612 1597 1792 1660 memorato
1823 1597 1935 1660 sancto¹
1957 1598 1989 1660 et
2013 1592 2189 1663 venerabili

775 1731 882 1795 vestro
904 1713 1111 1786 monasterio.
1135 1712 1221 1798 Quia
1237 1713 1282 1784 ita
1299 1712 1381 1786 mihi
1403 1737 1488 1787 rone
1512 1709 1685 1786 voluntatis
1709 1715 1906 1808 complacui:
1934 1717 1969 1788 Si
1992 1727 2101 1790 autem
2124 1741 2187 1810 ego

778 1856 833 1916 aut
859 1843 993 1914 heredes
1015 1842 1096 1914 meis
1120 1843 1237 1937 quovis
1260 1851 1406 1938 tempore
1429 1853 1541 1914 contra
1556 1843 1640 1914 hanc
1660 1841 1839 1914 chartulam
1852 1841 2024 1914 oblationis
2038 1833 2076 1915 ut
2091 1867 2201 1942 super,

777 1971 897 2066 legitur
932 1968 1043 2041 venire
1074 1967 1342 2060 presumserimus
1374 1977 1407 2040 et
1437 1967 1473 2038 in
1504 1967 1628 2062 aliquid
1654 1967 1766 2040 offensi
1789 1968 1944 2040 fuerimus
1979 1991 2038 2062 per
2073 1968 2188 2061 quovis

777 2101 911 2170 modum
936 2105 1005 2168 aut'
1022 2097 1200 2168 summissis
1220 2097 1382 2190 personis.
1407 2108 1483 2170 tnnc
1513 2096 1738 2190 componimus
1761 2095 1852 2169 robis
1875 2095 2064 2190 vestrisque.
2089 2095 2189 2166 hers-

781 2225 875 2295 dihus
899 2224 969 2296 auri
993 2223 1113 2296 solidos
1135 2222 1267 2316 triginta
1289 2247 1348 2296 sex
1370 2224 1595 2318 bythianteos:
1633 2233 1665 2296 et
1688 2221 1748 2292 hec
1771 2221 1915 2296 chartula
1945 2221 2083 2314 qualiter
2106 2243 2189 2290 eon·-

780 2351 859 2421 tinet
883 2350 924 2420 sit
947 2349 1047 2420 firma‘
1063 2349 1308 2444 'imperpetuum
1332 2347 1451 2441 scripta
1474 2361 1533 2442 per
1556 2368 1670 2420 manus
1696 2345 1845 2418 iohannis
1868 2343 1996 2417 curialis
2021 2368 2080 2438 per
2103 2345 2191 2418 indi·

777 2476 885 2546 ctione
908 2482 1085 2548 memorata
1109 2474 1223 2569 quinta
1246 2472 1277 2567 †

877 2603 949 2672 Hoc
972 2602 1101 2696 signnm
1124 2599 1155 2695 †
1178 2623 1293 2673 manns
1315 2609 1492 2676 memorato
1516 2622 1598 2672 anne
1620 2595 1778 2670 monacha
1800 2599 1898 2692 quod.
1911 2618 1973 2691 ego
1987 2595 2046 2691 qui
2062 2617 2191 2668 memo-

780 2735 867 2798 ratos
890 2726 931 2796 ab
954 2749 993 2798 ea
1016 2729 1141 2821 rogitus
1162 2747 1223 2820 pro
1246 2749 1284 2798 ea
1307 2724 1478 2817 subscripsi
1500 2725 1535 2818 ᾧ,

877 2853 993 2951 †ego
1026 2854 1205 2926 theofilatus
1238 2855 1323 2926 filius
1356 2851 1480 2926 domini
1508 2851 1629 2924 :stefani
1661 2856 1792 2943 rogatus
1820 2844 2075 2942 amprascripta
2109 2868 2191 2916 anna

780 2982 938 3052 monacha
959 2982 1033 3052 testi
1056 2981 1226 3074 subscripsi
1249 2978 1281 3073 †

880 3103 912 3199 †
933 3128 996 3200 ego
1017 3105 1171 3178 iolnnnos
1195 3104 1279 3177 tilius
1303 3102 1426 3174 domini
1450 3099 1548 3193 sergii
1572 3107 1704 3192 rogatus
1728 3120 1747 3166 a
1769 3095 1981 3189 suprascripta
2001 3113 2083 3164 anna
2113 3114 2191 3162 mo-

780 3233 882 3303 nacha
907 3233 979 3304 testi
996 3231 1229 3327 -subscripsi·†
1282 3291 1286 3299 .
1728 3296 1732 3304 ,

873 3355 904 3448 †
926 3366 1014 3428 nro
1038 3365 1309 3432 rrnrorrorc
1324 3327 1574 3433 omrorcn'u
1590 3358 1792 3426 urrunnun
1806 3357 2030 3424 sorssors
2045 3357 2075 3422 a
2088 3322 2192 3420 'affl

778 3489 894 3554 auus
914 3455 1011 3553 ᾔδη
1035 3488 1157 3551 ruens
1177 3455 1291 3550 Eone
1307 3477 1344 3572 -†
2024 3529 2027 3536 Α

875 3610 1001 3702 “sllgu
1025 3605 1179 3676 iohannes
1203 3599 1342 3676 Gurialis'
1363 3605 1421 3698 qui
1452 3611 1646 3676 memoratos
1677 3609 1749 3694 post
1772 3599 2038 3694 subscriptionem
2063 3598 2191 3668 testium

780 3735 946 3830 Compleui
971 3744 1003 3804 et
1027 3731 1150 3804 absolvi
1174 3755 1233 3827 per
1255 3731 1430 3804 indictione
1448 3726 1628 3804 inemorata
1653 3731 1767 3826 quinta
1791 3725 1821 3819 †
