4854 6528
1408 631 1551 734 (ru-2)

772 799 982 872 circundant:
1008 793 1121 870 innuet
1146 799 1186 870 dc
1210 804 1393 870 memorato
1417 796 1553 872 domino
1575 819 1653 868 uren
1669 793 1811 892 genitori
1826 802 1901 866 tuo:
1919 803 1953 867 et
1970 798 2011 869 ad
2027 819 2105 872 eum
2120 821 2202 898 per-

772 923 919 996 tinuisset
943 924 983 998 de
1006 932 1159 996 extranea
1182 943 1339 1017 persona:
1373 943 1432 1019 per
1459 921 1620 1002 chartulas
1643 919 1927 998 commutationis:
1963 931 1997 994 et
2025 945 2204 1020 compara-

774 1046 891 1119 tionis:
917 1069 976 1120 aen
991 1057 1024 1120 et
1038 1055 1216 1120 memorata
1240 1045 1465 1122 securitatem
1490 1069 1556 1142 quc
1572 1045 1667 1122 nobie
1682 1046 1717 1118 in
1731 1043 1876 1122 iudicio:
1900 1047 2121 1120 ortensiuiua:
2139 1074 2204 1144 ego

773 1196 897 1268 ponere
919 1173 978 1244 tivi
1000 1171 1118 1246 exinde
1151 1145 1377 1248 securitatedn:
1411 1183 1445 1246 et
1476 1173 1553 1266 quia
1587 1195 1655 1245 non
1685 1171 1812 1267 potuit:
1849 1191 1923 1265 pers
1952 1193 2025 1242 rnen
2048 1173 2109 1244 tiri
2131 1175 2205 1246 ilica

775 1305 882 1377 taliter
904 1306 1070 1379 ostendere
1093 1312 1127 1376 et
1149 1304 1184 1374 in
1208 1303 1363 1397 present:
1386 1301 1493 1396 recepi
1521 1326 1541 1372 a
1565 1310 1656 1394 perte
1685 1311 1810 1376 rutra:
1846 1311 2061 1376 memoratum
2084 1325 2204 1396 :agre-

776 1441 944 1508 mentum:
972 1433 1097 1504 dicente
1119 1427 1201 1504 mihi
1223 1437 1262 1504 ut
1284 1429 1433 1522 superius
1455 1427 1653 1502 atteruintia:
1680 1435 1714 1500 et
1736 1425 1868 1501 definivi
1893 1426 2012 1500 exinde
2034 1429 2203 1504 vobicum

776 1559 812 1633 in
835 1555 1005 1654 munibus:
1040 1562 1075 1626 et
1105 1551 1223 1628 amodo
1255 1563 1289 1626 et
1311 1575 1438 1648 semper
1460 1573 1627 1650 nunqnam
1659 1555 1908 1648 preaumminnna
1934 1577 1994 1630 nna
2021 1569 2078 1630 ant
2100 1559 2210 1630 irrere-¹

778 1684 873 1760 dibni
895 1676 1035 1751 nustria:
1063 1699 1121 1750 res
1144 1685 1203 1750 ant
1225 1675 1399 1754 heredibus
1422 1679 1559 1754 vernia:
1594 1703 1637 1752 ex
1660 1679 1730 1774 ipat
1752 1679 1904 1754 fundoras
1928 1689 1984 1753 aut
2007 1683 2047 1754 de
2069 1704 2202 1754 memn-

777 1823 846 1886 rrta
867 1817 974 1884 terra:
1000 1807 1140 1905 qualiter
1156 1818 1349 1884 memoratae
1375 1807 1576 1882 coherentia:
1592 1808 1802 1882 circundant:
1827 1829 1964 1902 querere
1983 1819 2040 1882 aut
2056 1821 2204 1883 corruere

778 1959 837 2032 per
859 1933 985 2010 nullum
1008 1932 1165 2008 nandum:
1199 1954 1260 2006 nec
1291 1954 1350 2028 per
1381 1931 1559 2008 anmmkais
1580 1931 1747 2026 personia:
1780 1932 2028 2026 inperpetuum:
2054 1935 2131 2028 quia
2155 1923 2213 2008 ita

777 2062 872 2138 novit
895 2059 1073 2136 indicatum
1096 2064 1170 2132 eat:
1195 2057 1224 2130 ai
1247 2065 1357 2130 autem
1381 2057 1474 2130 aliter
1496 2056 1668 2134 :werinus
1692 2056 1733 2128 de
1757 2053 1820 2128 inii
1842 2057 1993 2136 curritur
2019 2063 2204 2138 memoratia

777 2212 836 2287 per
858 2187 976 2286 quovis
998 2185 1137 2260 modum
1160 2193 1217 2258 ant
1237 2183 1417 2258 summiaaia
1441 2183 1605 2280 pereuni:
1640 2195 1717 2261 tunc
1740 2207 1902 2282 compone
1924 2209 1987 2281 ego
2011 2199 2044 2260 et
2067 2189 2202 2264 naeui-

779 2317 842 2390 bnt
865 2316 967 2390 meis:
993 2312 1054 2386 tivi
1078 2313 1208 2410 tuisque
1229 2309 1424 2386 heredibm:
1446 2311 1518 2386 anri
1533 2312 1652 2388 wlidor
1675 2313 1801 2406 vyginti
1824 2321 1984 2408 quantuor
1999 2313 2201 2411 bytianteon:

781 2453 813 2518 et
836 2444 897 2516 hec
920 2440 1065 2514 chartula
1087 2437 1267 2514 securitatis
1298 2447 1338 2512 nt
1364 2459 1463 2534 snper
1493 2437 1633 2530 legitur:
1668 2438 1710 2508 sit
1742 2437 1834 2508 firma
1861 2440 1978 2534 scripta
2001 2463 2061 2535 per
2088 2463 2206 2514 manun

780 2565 868 2642 leoni
885 2561 1002 2640 curiali
1025 2585 1084 2659 per
1108 2571 1287 2638 memorata
1309 2560 1529 2640 tertiadecima
1551 2546 1761 2678 indictionem
1784 2559 1815 2655 †

875 2694 939 2768 hoc
962 2689 1138 2790 aignumd-
1157 2709 1272 2768 manue
1285 2697 1464 2772 memorata
1485 2709 1635 2786 gentum
1661 2711 1727 2766 une
1750 2711 1826 2763 urm
1848 2711 2007 2764 eumenen
2030 2695 2202 2766 memorati

783 2822 906 2898 domini
920 2819 1098 2920 ergiiriri
1111 2818 1163 2900 tui
1178 2817 1268 2922 quod
1291 2839 1353 2915 ⁰80
1375 2815 1436 2916 qni
1458 2823 1656 2894 memorum
1676 2813 1717 2886 ah
1740 2815 1790 2890 ein
1810 2826 1942 2912 rogatus
1964 2839 2025 2914 pro
2048 2820 2095 2892 eia
2117 2821 2202 2892 aub-

784 2945 953 3048 cripi†

882 3071 1000 3172 †egn
1023 3075 1199 3150 neodem
1223 3072 1309 3150 ntur
1331 3071 1457 3148 domini
1480 3069 1549 3146 urai
1572 3079 1704 3166 rogatur
1728 3071 1979 3168 amrmripto
1993 3071 2114 3168 iugale:
2130 3075 2201 3146 terti

787 3201 1016 3302 urerer

879 3327 995 3424 †ego
1018 3327 1173 3402 iotanae:
1195 3323 1280 3404 filiun
1303 3324 1427 3400 domini
1459 3325 1603 3424 gregorii
1636 3336 1767 3422 regatur
1790 3351 1810 3400 a
1832 3327 2048 3422 suprascripta
2080 3326 2204 3424 iugules

785 3455 857 3532 eu
880 3454 1107 3552 meur

877 3594 907 3678 γ
931 3604 994 3678 ego
1018 3579 1143 3675 sergius
1168 3581 1254 3653 tilina
1277 3579 1402 3654 donnini
1424 3579 1573 3654 iohannis
1604 3579 1754 3654 monachi
1782 3591 1917 3678 rogans
1939 3605 1958 3652 a
1986 3581 2207 3676 aupraserrpta

785 3711 908 3808 iugales
931 3711 1005 3786 tenti
1027 3707 1200 3803 subscripsi
1223 3707 1255 3804 †

877 3837 1007 3935 ιμῦςο
1030 3834 1083 3908 len
1106 3831 1244 3908 Curinlis
1267 3829 1435 3930 Compleri
1467 3841 1500 3907 et
1532 3832 1660 3908 abaolri
1693 3855 1752 3932 per
1784 3841 1961 3909 memorata
1985 3832 2202 3908 tertiadecimr

786 3963 994 4039 indictionem
1017 3969 1050 4068 †
