4854 6528
1361 653 1508 750 (aaa)

1326 1020 1335 1052 χ
1359 941 1509 1016 crum.

602 1215 659 1262 an·
827 1197 919 1292 †ln
950 1200 1083 1274 nomine
1114 1201 1240 1272 domini
1271 1199 1323 1269 dei
1354 1163 1524 1273 sal'vatoris
1556 1199 1661 1270 nostri
1692 1196 1790 1268 lbesu
1822 1190 1944 1264 Christi
1975 1193 2158 1289 Imperante

589 1328 676 1388 971.
734 1323 865 1396 domino
888 1333 998 1396 nostro
1021 1323 1134 1392 basilio
1158 1345 1276 1415 magno
1300 1324 1496 1414 Imperatore
1520 1343 1605 1390 anno
1628 1319 1818 1388 undecimo:
1834 1317 1937 1388 sedet
1954 1321 2153 1391 constantino

735 1473 853 1544 magno
876 1453 1070 1545 Imperatore
1104 1451 1200 1516 frater
1225 1449 1295 1517 eius
1319 1471 1402 1518 anno
1435 1447 1559 1518 octabo.
1583 1447 1644 1518 Die
1673 1446 1863 1519 duodecima
1895 1447 2015 1518 mensis
2045 1450 2154 1520 martii

736 1578 909 1648 indictione
933 1583 1047 1667 quarta
1070 1571 1194 1642 decima
1216 1572 1363 1666 neapoli:
1385 1573 1516 1646 Certum
1530 1581 1643 1645 estme
1667 1572 1841 1644 iohannem
1864 1571 1968 1644 filium
1991 1575 2154 1668 quondam

737 1701 878 1773 herasmi
901 1694 1098 1790 putheolani.
1125 1696 1317 1790 Apresenti
1341 1697 1393 1767 die
1419 1697 1638 1792 promtissima
1671 1697 1838 1768 voluntate
1871 1698 2027 1790 promitto
2064 1699 2155 1771 vobis

738 1827 869 1898 domino
886 1823 1025 1896 iohanni
1050 1823 1224 1896 venerabili
1248 1824 1402 1917 igumeno
1426 1825 1611 1896 monasterii
1635 1833 1821 1895 sanctonum
1843 1822 1991 1896 theodori
2004 1834 2037 1896 et
2055 1826 2155 1898 seba-

738 1951 831 2024 stiani
855 1948 913 2046 qui
936 1949 1114 2045 appellatur
1136 1939 1293 2044 cas'apicta
1324 1951 1423 2020 situm
1451 1951 1487 2022 in
1509 1951 1678 2024 viridario.
1712 1960 1844 2045 propter
1877 1949 2041 2044 integrum
2065 1975 2153 2024 cam·

737 2107 817 2178 pum
840 2093 986 2157 vestrum
1009 2083 1090 2154 iuris
1113 2083 1282 2164 memorati
1306 2082 1406 2152 sancti
1429 2090 1463 2152 et
1485 2082 1678 2154 venerabilis
1701 2083 1800 2154 vestri
1814 2083 1996 2154 monasterii
2015 2083 2072 2178 qui
2088 2106 2154 2154 vo·

737 2199 842 2281 catur*
853 2231 978 2282 sessana
1001 2209 1142 2303 positum
1165 2209 1199 2279 in
1223 2209 1386 2279 territorio
1410 2207 1607 2302 putheolano
1626 2233 1781 2282 unacum
1799 2211 1969 2282 erroribus
1986 2211 2155 2283 etintroi-

739 2349 811 2409 tum
846 2361 943 2410 suum
977 2336 1191 2432 omnibusque
1214 2337 1275 2406 sivi
1309 2337 1555 2430 pertinentibus.
1581 2337 1751 2410 coherente
1778 2337 1839 2409 sivi
1863 2337 1928 2410 bab
1951 2361 2021 2411 uno
2057 2339 2157 2410 latere

737 2465 833 2534 selice
855 2463 984 2556 publici.
1008 2471 1041 2532 et
1064 2485 1106 2532 ex
1131 2461 1194 2531 alio
1217 2461 1315 2531 latere
1339 2469 1424 2531 terra
1447 2471 1554 2533 sancte
1578 2461 1770 2554 putheolane
1793 2462 1926 2534 ecclesie
1948 2464 2044 2534 sicuti
2068 2466 2155 2536 inter

737 2614 771 2662 se
795 2590 923 2683 egripus
946 2587 1075 2660 exlinat.
1098 2589 1148 2659 De
1172 2611 1239 2659 uno
1261 2585 1364 2680 capite
1387 2587 1441 2656 uia
1463 2563 1693 2680 pubblicaffle
1717 2586 1781 2657 alio
1796 2589 1901 2683 capite
1924 2589 2025 2658 caba.¹
2053 2611 2156 2682 quern

736 2738 814 2788 vero
837 2722 1051 2790 memoratum
1074 2715 1234 2810 integrum
1257 2736 1407 2808 campum
1431 2725 1576 2787 vestrum
1609 2715 1836 2809 omnibusque.
1870 2714 1933 2784 sivi
1960 2714 2154 2807 pertinenti·

736 2847 797 2920 bus
827 2857 865 2916 ut
890 2868 987 2940 super
1014 2843 1133 2939 legitur
1160 2866 1219 2918 vos
1250 2867 1326 2916 cum
1351 2853 1466 2914 cuncta
1496 2853 1603 2915 vestra
1638 2842 1888 2936 congregatione
1921 2843 2152 2917 monachorum

737 2973 819 3044 mibi
841 2971 985 3066 meisque
1008 2971 1179 3045 heredibus
1202 2971 1330 3044 dedistis
1354 2971 1395 3040 ad
1417 2970 1628 3043 lacerandum
1642 2977 1675 3042 et
1689 2970 1928 3064 pastinandum.
1951 2971 1989 3041 ln
2007 2995 2047 3044 eo
2063 2974 2149 3044 enim

737 3109 849 3171 tenore
873 3109 911 3171 ut
934 3122 995 3194 ego
1019 3109 1051 3170 et
1074 3099 1206 3172 heredes
1242 3097 1323 3169 meis
1345 3121 1422 3171 eum
1446 3098 1536 3172 omni
1571 3121 1679 3171 annuo
1701 3106 1777 3192 apto
1800 3105 1948 3192 ternpore
1982 3101 2095 3172 subtus
2120 3109 2166 3170 et·

736 3223 936 3318 superbene
960 3223 1128 3317 diligenter
1149 3223 1295 3297 lavorare
1318 3233 1351 3296 et
1374 3223 1523 3297 excolere
1546 3245 1605 3297 seu
1627 3223 1669 3294 ad
1693 3221 1862 3297 meliorem
1880 3223 2003 3295 cultum
2028 3227 2151 3318 perdu-

736 3373 810 3421 cere
832 3350 1005 3424 debeamus
1028 3347 1062 3420 in
1086 3351 1234 3424 omnibus
1257 3375 1333 3426 curn
1355 3351 1455 3424 vobes
1478 3361 1603 3424 nostros
1626 3359 1660 3425 et
1682 3350 1882 3424 conciaturia
1906 3373 1962 3422 seu
1987 3353 2151 3444 operarios

736 3488 769 3549 et
791 3487 897 3549 sumta
920 3478 972 3548 vel
996 3473 1104 3549 olnnia
1127 3499 1281 3572 exspensa
1312 3477 1551 3550 caucummines
1574 3484 1608 3548 et
1630 3475 1712 3550 vites
1746 3487 1883 3570 quantos
1908 3475 1954 3548 ibi
1976 3477 2150 3550 sufficerint

737 3603 825 3674 omni
849 3625 956 3675 annuo
979 3603 1098 3676 ibidem
1121 3623 1241 3696 ponere
1264 3611 1297 3674 et
1319 3599 1461 3692 plantare
1493 3599 1665 3673 debeamus
1689 3601 1730 3672 de
1753 3610 1861 3670 nostra
1885 3609 2041 3672 sementes
2070 3624 2147 3674 eum

736 3731 894 3804 seminare
915 3731 1024 3802 omnia
1048 3741 1081 3804 et
1103 3732 1138 3801 in
1160 3728 1310 3802 omnbus
1332 3729 1466 3800 inferius
1489 3735 1522 3798 et
1545 3728 1691 3822 superius
1714 3749 1773 3797 nos
1795 3729 1900 3800 lacere
1917 3727 2099 3800 debeamus.
2115 3737 2147 3799 et

738 3859 967 3952 quodcumque
991 3861 1080 3932 omni
1104 3881 1211 3932 annuo
1233 3857 1281 3926 ibi
1303 3857 1382 3928 deus
1405 3855 1529 3928 dederit
1551 3857 1586 3927 in
1610 3855 1755 3951 quolibet
1777 3856 1949 3928 seminatus
1979 3865 2010 3926 et
2037 3856 2072 3925 in
2096 3879 2153 3924 ar-

732 3983 846 4054 bustus
869 3983 938 4054 eius
961 4007 1057 4078 super
1080 4009 1138 4058 nos
1161 3987 1241 4058 illud
1264 3985 1377 4056 tollere
1401 3984 1572 4056 debeamus
1605 3983 1646 4054 ba
1669 3991 1767 4054 'nunc
1801 3993 1834 4056 et
1857 3983 1959 4055 donec
1979 3983 2153 4090 fecerimus

736 4110 850 4182 vinum
873 4117 1016 4181 mustum
1039 4113 1196 4182 mundum
1230 4110 1348 4181 bornae
1385 4109 1495 4183 decem
1518 4111 1552 4180 in
1576 4109 1651 4201 ipsis
1674 4107 1804 4178 arbores
1828 4129 1911 4203 quos
1936 4131 1995 4180 nos
2019 4107 2065 4178 ibi
2089 4131 2155 4200 pa-

734 4235 968 4310 stinarerimus.
994 4244 1101 4330 preter
1124 4237 1163 4307 de
1187 4238 1275 4330 quod
1304 4237 1350 4306 ibi
1377 4233 1640 4307 seminaverimus
1677 4231 1769 4304 uobis
1804 4241 2004 4330 posterisque
2039 4238 2154 4308 vestris

733 4362 919 4436 terraticum
942 4365 1058 4436 exinde
1081 4364 1157 4438 dare
1180 4363 1350 4437 debeamus
1373 4361 1542 4433 medietate
1566 4361 1606 4432 de
1630 4371 1789 4454 quantum
1813 4359 1956 4434 triticum
1978 4361 2077 4434 buerit
2100 4385 2156 4434 se-

733 4492 906 4566 minaturia
929 4503 1068 4566 tractum
1090 4495 1177 4566 intus
1201 4493 1272 4587 ipso
1297 4499 1401 4561 castro
1423 4489 1618 4584 putbeolano
1642 4489 1763 4586 absque
1787 4489 1877 4560 omni
1893 4498 2001 4563 vestra
2025 4516 2153 4564 amma-

732 4620 886 4692 rioatione
910 4619 997 4690 nulla
1019 4620 1112 4692 vobis
1139 4619 1300 4692 mittentes
1328 4616 1574 4689 boocansionem
1598 4627 1630 4688 et
1653 4626 1811 4711 quantum
1835 4617 1968 4690 domino
1993 4619 2055 4690 deo
2079 4619 2153 4714 pls-

732 4745 837 4817 cuerit
861 4755 893 4818 et
907 4747 941 4816 in
963 4745 1040 4840 ipsis
1064 4745 1194 4818 arbores
1217 4768 1282 4842 que
1306 4767 1365 4816 nos
1388 4743 1435 4813 ibi
1458 4742 1723 4836 pastinaverimus
1746 4743 1915 4816 fecerimus
1939 4753 2154 4816 memoratum

732 4872 846 4944 uinum
869 4879 1013 4946 mustum
1044 4871 1202 4944 mundum
1235 4893 1330 4940 ornas
1363 4870 1475 4941 decem
1499 4877 1575 4938 tunc
1598 4889 1657 4937 vos
1681 4875 1714 4937 et
1737 4866 1872 4960 posteris
1901 4867 2014 4940 uestris
2037 4869 2154 4940 exinde

732 4998 844 5072 tollere
870 4997 1009 5070 debeatis
1033 5017 1130 5088 super
1153 5003 1273 5063 sortem
1296 5015 1399 5062 unum
1423 4990 1569 5061 modium
1592 5013 1648 5081 per
1671 5015 1780 5084 passos
1814 5017 1833 5062 a
1858 4993 1952 5088 quale
1976 4994 2075 5068 latere
2101 4995 2154 5066 uel
