4854 6528
1350 615 1493 710 (ιιι)

715 781 778 851 tuis
801 778 972 850 heredibus
996 799 1055 872 per
1078 775 1203 847 nulium
1227 775 1363 847 modum
1386 797 1446 846 nec
1470 796 1528 868 per
1551 771 1728 844 summissis
1744 772 1890 866 personis
1914 772 1949 844 in
1973 777 2137 869 perpetuis

713 903 923 998 temporibus.
947 913 979 974 et
1001 911 1037 973 tu
1061 911 1094 973 et
1117 901 1182 973 tuis
1204 899 1377 973 heredibus
1400 922 1458 970 uos
1480 897 1574 970 vohis
1597 895 1715 968 exinde
1739 895 1921 967 defensores
1943 917 2048 970 essere
2073 900 2139 972 de-

714 1029 815 1100 vectis
839 1029 879 1099 da
903 1025 1087 1122 perentibus
1104 1037 1137 1098 et
1152 1024 1365 1097 consortibus.
1389 1023 1505 1095 nostris
1522 1045 1639 1117 esque:
1666 1020 1882 1092 omninostra
1898 1022 1987 1093 etde
2003 1028 2139 1115 posteris

714 1155 830 1226 nostris
855 1155 1045 1226 damnietate
1068 1175 1129 1246 pro
1152 1175 1192 1222 eo
1216 1151 1305 1246 quod
1339 1150 1456 1220 exinde
1491 1148 1673 1240 accepimus
1706 1157 1781 1218 nte
1805 1148 1886 1219 idest
1909 1149 1982 1219 auri
2018 1149 2136 1222 solidos

714 1301 771 1350 sex
795 1277 996 1371 bythianteos
1019 1276 1101 1347 sicut
1133 1276 1217 1346 iuter
1240 1273 1333 1345 nohis
1364 1271 1538 1342 comnenit.
1571 1280 1794 1343 verumtamen
1831 1272 2054 1365 promictirnm
2077 1275 2137 1344 tihi

715 1414 753 1474 ut
776 1403 804 1474 si
828 1404 886 1474 tibi
911 1404 1037 1497 tuisque
1060 1401 1232 1472 heredibus
1254 1419 1421 1470 necessum
1445 1398 1543 1470 buerit
1567 1410 1764 1472 memoratus
1788 1399 1979 1494 dispositum
2003 1425 2136 1474 memo—

714 1536 775 1605 rati
798 1533 881 1628 petri
904 1528 1116 1601 centimolarii
1140 1539 1173 1598 et
1196 1536 1373 1600 memorate
1398 1529 1498 1600 drosu
1521 1529 1575 1598 cui
1600 1551 1696 1622 supra
1720 1551 1840 1600 nomen
1858 1519 1987 1601 somnia
2011 1530 2133 1624 iugales

715 1669 792 1730 tunc
816 1679 873 1727 nos
896 1661 928 1724 et
950 1650 1085 1745 posteris
1101 1651 1217 1720 nostris
1232 1651 1291 1722 tihi
1308 1651 1438 1746 tuisque
1462 1651 1654 1726 heredibus:
1674 1630 1750 1725 eum
1767 1663 1800 1724 at
1813 1655 2020 1747 relegendum
2035 1679 2135 1726 mon-

714 1795 813 1854 strare
828 1777 1007 1874 doceamus
1031 1775 1228 1870 ubicumque
1252 1776 1346 1848 vobis
1368 1801 1536 1850 necessum
1559 1780 1674 1852 inerit:
1704 1781 1932 1851 Verumtamen
1952 1779 2038 1851 stetit
2054 1781 2138 1853 inter

716 1909 806 1981 nobis
831 1915 866 1977 ut
889 1909 1067 1976 memorata
1090 1904 1229 1973 domum
1249 1925 1325 1974 cum
1358 1904 1512 1975 omnibus
1539 1904 1602 1976 sivi
1625 1903 1859 1998 pertinentibus
1887 1905 1953 1978 vite
1975 1909 2134 1979 meroccie

715 2033 779 2108 iiiia
803 2037 980 2102 memorate
1003 2028 1102 2098 dmsu
1126 2028 1179 2099 cui
1203 2051 1299 2122 supra
1322 2041 1443 2102 nomm
1466 2051 1591 2102 somma
1614 2026 1682 2100 thia
1706 2041 1762 2100 tua
1779 2029 1815 2100 in
1831 2053 1888 2102 sua
1903 2034 1967 2102 sint
1982 2042 2137 2124 potestate

715 2158 839 2232 tenendi
855 2170 887 2230 et
902 2157 1087 2229 dominandi
1111 2179 1166 2228 seu
1193 2157 1345 2230 abitandi.
1372 2165 1405 2229 et
1429 2167 1462 2228 at
1485 2181 1580 2230 suum
1605 2158 1774 2228 transitum
1798 2169 1975 2231 memorata
1998 2161 2130 2230 dommn

715 2307 790 2354 cum
814 2281 963 2354 omnibus
986 2281 1047 2352 sivi
1071 2281 1303 2376 pertinentibus
1334 2293 1372 2355 ut
1400 2305 1498 2377 super
1520 2283 1638 2375 legitur
1661 2282 1694 2352 in
1719 2293 1789 2352 tua·
1806 2283 1934 2376 tuisque
1963 2279 2135 2354 heredibus

714 2413 914 2485 rebertantur
949 2419 1102 2504 potestate
1136 2411 1297 2504 quidquid
1320 2411 1438 2484 exinde
1471 2413 1575 2482 iacere
1608 2409 1775 2480 uolueritis
1798 2420 1836 2480 ut
1858 2409 2010 2482 itiinter
2042 2413 2136 2482 nohis

714 2540 815 2610 stetit:
841 2539 869 2612 si
894 2551 1000 2608 nutem
1025 2561 1083 2608 nos
1107 2548 1161 2610 aut
1185 2538 1320 2630 posteris
1343 2541 1459 2610 noshis
1484 2537 1599 2632 quohis
1624 2549 1767 2630 tempore
1781 2545 1902 2606 contra
1926 2537 2009 2607 hanc
2033 2538 2144 2608 char--¹

714 2667 814 2736 tudam
837 2665 986 2736 cessionis
1009 2677 1047 2742 ut
1070 2689 1166 2759 super
1188 2667 1307 2760 legitur
1331 2667 1441 2740 uenire
1465 2667 1731 2764 presumserimus
1761 2678 1800 2738 'et
1818 2666 1853 2736 in
1876 2661 1999 2759 aliquid
2023 2666 2137 2737 offensi

718 2795 873 2864 deerimus
897 2817 954 2886 per
978 2793 1094 2888 quohis
1117 2793 1253 2863 modum
1275 2802 1331 2862 aut
1354 2791 1530 2862 summissis
1553 2791 1699 2883 personis
1727 2801 1805 2862 tune
1828 2791 2051 2884 componimus
2075 2815 2133 2863 nos

717 2932 749 2990 et
772 2921 1040 3015 posteris-nostris
1055 2919 1113 2990 tihi
1125 2920 1273 3014 tuisque:
1300 2919 1472 3018 heredibus
1489 2919 1562 2990 auri
1577 2918 1695 2988 solidos
1713 2919 1841 3012 triginta
1851 2941 1918 2990 sex
1935 2919 2136 3014 bythianteos

719 3059 751 3120 et
775 3049 835 3120 hec
858 3049 1002 3122 chartula
1025 3049 1067 3120 sit
1089 3049 1181 3120 firme
1196 3051 1313 3140 scriptu
1338 3071 1395 3141 per
1417 3069 1532 3116 manus
1555 3046 1640 3140 petri
1653 3041 1826 3139 scriptoris
1840 3047 1997 3142 discipulo
2014 3052 2136 3125 domiui

720 3177 863 3272 gregorii
887 3177 1000 3252 curiali
1022 3187 1054 3247 et
1076 3176 1234 3246 scriniarii
1257 3198 1316 3269 per
1339 3173 1516 3246 menidmtu
1542 3197 1626 3244 nona
1649 3173 1823 3246 indictione
1848 3175 1878 3268 †

811 3315 844 3376 et
866 3303 930 3378 hoc
952 3303 1122 3376 memorati
1144 3325 1256 3376 sumus
1279 3311 1317 3373 ut
1339 3323 1401 3374 uos
1421 3302 1515 3374 vohis
1538 3313 1570 3374 et
1588 3301 1726 3374 heredes
1749 3305 1863 3374 vensis
1877 3307 1993 3378 exinde
2018 3309 2142 3379 defen-¹

716 3457 803 3506 sores
827 3443 923 3506 exere
947 3435 1086 3507 devectis
1110 3445 1142 3507 et
1165 3455 1225 3502 uos
1247 3440 1281 3500 et
1304 3429 1439 3522 posteris
1474 3431 1590 3499 nostris
1623 3423 1740 3500 exinde
1776 3431 1941 3504 indemnes
1973 3443 2006 3503 et
2030 3437 2134 3506 securi

716 3585 900 3636 moneamus
922 3563 1020 3634 etium
1044 3565 1130 3658 ipsos
1154 3559 1258 3631 solido
1281 3555 1375 3626 nobis
1398 3565 1431 3628 st
1453 3565 1487 3623 st
1511 3555 1647 3650 posteris
1669 3559 1787 3628 nostris
1818 3581 1883 3629 non
1911 3562 2052 3654 querelis
2075 3585 2135 3631 neo

717 3695 754 3762 tu
777 3709 836 3764 heu
859 3688 923 3758 tuis
946 3687 1119 3760 heredibus
1144 3682 1176 3780 †
1397 3680 1400 3688 ’

809 3815 841 3908 †
865 3825 1088 3888 eneruem
1111 3815 1463 3910 ιιιοιιιιιιιιοιιιι
1573 3805 1577 3815 ’

872 3911 1199 3934 Ι-ιι--η-

809 3938 841 4032 †
864 3949 917 4011 ro
940 3951 1083 4013 nenos
1107 3950 1217 4012 cors
1240 3937 1318 4034 ††
1340 3949 1429 4014 nro
1453 3953 1723 4017 rrnroluo'rc
1747 3921 1865 4016 ιιΤΕιι
1880 3955 1967 4024 cus

809 4045 922 4160 †1'ri
941 4039 1006 4137 11'13'
1026 4041 1121 4140 mor}
1144 4040 1325 4164 ιἰῐιι
1672 4083 1687 4097 ··

811 4195 842 4290 †
866 4216 928 4286 ego
952 4194 1120 4288 gregorius
1144 4195 1228 4268 iilius
1251 4195 1374 4268 domini
1398 4197 1515 4268 marini
1538 4204 1703 4285 rogatuse
1727 4197 1944 4288 suprascripto
1967 4217 2129 4290 ygumeno

715 4331 747 4390 et
771 4343 789 4388 a
812 4319 1024 4413 suprascripta
1047 4323 1310 4418 congregationes
1333 4323 1406 4396 testi
1429 4315 1612 4418 subscripsi
1625 4330 1659 4387 et
1679 4317 1896 4417 suprascripto
1912 4320 2032 4392 solidos
2046 4345 2132 4394 con-

716 4449 814 4520 ineos
837 4449 1069 4548 percepisse†
1332 4500 1335 4510 ι
1465 4455 1469 4502 ⁹
1505 4472 1510 4502 ¹
1579 4491 1581 4496 .
1627 4459 1644 4495 '³
1665 4461 1683 4493 ‘¹
2037 4478 2042 4494 ·

809 4573 842 4668 †
865 4599 926 4669 ego
950 4577 1104 4651 iohrunes
1128 4580 1258 4650 curialis
1281 4583 1411 4668 rogatus
1435 4585 1686 4648 umentorum
1682 4599 1845 4672 ygumeno
1870 4589 1903 4649 et
1920 4557 2133 4652 ememoratu

714 4699 969 4795 Congrcgatione
992 4707 1065 4777 testi
1088 4701 1258 4794 subscripsi
1281 4711 1314 4772 st
1338 4697 1535 4774 memoratos
1558 4691 1678 4778 s'oiidus
1702 4707 1863 4780 comessum
1883 4688 2063 4800 percepisse
2101 4706 2134 4801 †

809 4823 925 4920 †ego
948 4828 1101 4903 iohannes
1131 4827 1215 4896 filius
1249 4823 1372 4898 donrir'ri
1405 4822 1492 4901 leoni
1519 4839 1659 4924 rogatus
1687 4827 1945 4926 hsupruscripto
1973 4834 2131 4926 igumeno

600 5011 602 5018 ,
713 4959 745 5022 ct
768 4955 980 5048 suprascripta
1003 4953 1251 5088 congregatione
1286 4956 1358 5027 testi
1386 4957 1559 5054 subscripsi
1583 4971 1616 5030 et
1640 4959 1860 5052 suprascripto
1891 4943 2010 5105 soiidos
2045 4981 2133 5028 con·-

711 5081 812 5156 iesus
836 5079 1014 5172 percepisse
1040 5079 1143 5178 †
