4876 6532
778 749 779 753 ψ
910 631 1031 728 ‹a›

894 918 1048 991 LXXle

344 1173 427 1268 †1n
443 1174 575 1245 nomine
587 1172 713 1245 domini
730 1173 783 1246 dei
799 1171 967 1244 salvatorio
981 1171 1085 1244 nostri
1099 1171 1195 1243 lhesn
1205 1169 1324 1243 Christi
1340 1169 1520 1264 lmperante
1537 1173 1669 1242 domino
1746 1183 1801 1234 aa·

251 1307 362 1372 nottm
385 1298 593 1371 Constantino
616 1319 735 1392 magno
758 1297 956 1392 imperatore
980 1319 1065 1367 anno
1088 1295 1381 1390 quinquagesimor
1406 1297 1463 1368 aed
1478 1303 1512 1366 et
1534 1317 1670 1366 romano
1722 1296 1817 1365 9580.

251 1449 369 1519 magno
387 1424 587 1518 imperatore
612 1425 681 1496 eins
704 1424 773 1494 lilio
797 1445 881 1494 anno
904 1421 1154 1493 tertiodecimoz
1181 1421 1233 1492 die
1258 1421 1410 1492 vicesima
1433 1421 1527 1492 tertia
1552 1419 1671 1490 mannia

251 1553 373 1624 martii.
399 1553 574 1624 indictione
597 1553 702 1646 prima
725 1549 879 1644 neapoli:
905 1551 1075 1622 Gomrmit
1097 1550 1239 1643 denique
1254 1571 1330 1619 cnm
1353 1547 1477 1619 domini
1501 1547 1615 1616 amilio
1639 1557 1672 1618 et

250 1657 496 1769 per'oolloqnia
521 1697 681 1746 vonorum
705 1673 853 1745 ominum
884 1672 970 1744 inter
1002 1695 1054 1744 me
1087 1672 1159 1766 gari
1183 1670 1372 1743 exerobitali
1396 1669 1671 1762 langubardorum

250 1799 357 1872 lllium
371 1805 534 1896 qnondam
552 1802 639 1872 teudi
655 1801 843 1872 exambitali
859 1778 1137 1893 langubardorum
1161 1809 1193 1869 et
1215 1807 1247 1867 te
1271 1797 1422 1869 videlieet
1446 1795 1578 1868 domino
1602 1806 1673 1868 ote·

249 1926 362 2018 phano
385 1925 545 1996 monacho
569 1925 636 1994 filio
659 1925 826 2020 quondam
839 1925 965 1996 domini
976 1923 1064 1994 leoni
1078 1922 1230 1993 monachi
1249 1929 1399 2016 propter.
1414 1970 1422 1988 .
1438 1971 1446 1988 .
1462 1929 1584 1990 ‚terras
1600 1943 1673 1990 mea

251 2063 286 2122 ot
310 2060 366 2124 tua
390 2062 527 2146 quantas
550 2065 582 2122 et
606 2053 717 2146 quales
739 2052 879 2144 pertinet
902 2053 954 2122 de.
976 2094 1346 2120 ................
1376 2057 1433 2116 tua
1456 2047 1496 2117 do
1518 2047 1592 2118 lnco
1615 2047 1674 2140 qui

251 2178 439 2249 nominatur
465 2187 498 2246 at
520 2177 700 2248 mulionum
724 2201 789 2249 nna
812 2199 889 2250 oum
913 2179 1063 2249 introitas
1094 2199 1167 2247 suas
1199 2177 1397 2268 moneturque
1417 2175 1481 2244 aivi
1504 2173 1674 2268 pertinen-

252 2301 361 2373 tibus:
400 2303 488 2373 unde
523 2301 606 2372 mibi
640 2301 807 2373 nominato
835 2303 907 2394 gari
939 2303 1079 2394 pertinet
1109 2301 1226 2372 exinde
1249 2300 1419 2371 medietate
1443 2322 1504 2393 pro
1527 2299 1674 2391 partibus

254 2437 363 2498 nostre
386 2427 663 2519 langubardorum
699 2437 732 2498 et
763 2425 823 2495 tibi
856 2427 1025 2495 nominato
1056 2423 1189 2494 domino
1212 2423 1369 2516 stephano
1395 2425 1535 2519 pertinet
1557 2425 1675 2497 exinde

253 2553 401 2626 similiter
416 2553 587 2625 medietate
602 2573 664 2646 pro
680 2549 826 2645 partibus
841 2561 948 2623 vestro
964 2549 1079 2621 militie
1100 2549 1380 2644 neapolitanorum
1395 2572 1457 2644 pro
1474 2552 1546 2624 vice
1561 2574 1673 2646 qnon-

254 2679 329 2748 dam
354 2675 478 2749 domini
501 2675 641 2770 campuli
664 2675 769 2746 soceri
792 2675 864 2748 tui:
890 2674 982 2771 qnod
1005 2683 1080 2746 aunt
1103 2674 1302 2748 nomimtive
1318 2675 1404 2770 ipsas
1417 2675 1675 2771 terranqnaliter

256 2803 406 2897 nuperius
429 2801 571 2874 diximum
594 2803 733 2896 primma
756 2801 843 2896 petia
865 2825 931 2898 que
955 2803 1142 2872 nominatur
1166 2813 1199 2874 at
1218 2803 1389 2898 bespnlnm
1406 2813 1439 2874 at
1453 2813 1600 2875 sanctum
1615 2825 1674 2874 ar-

257 2929 453 3022 changelum
476 2930 535 3022 qui
558 2928 631 3001 abet
653 2929 727 3002 linis
751 2929 792 2998 ab
814 2951 882 3000 uno
904 2928 1006 3000 latere
1029 2937 1114 3000 terra
1138 2929 1285 3002 cellerari
1307 2931 1444 3023 capuani
1447 2979 1667 3002 ..........

253 3067 287 3128 et
311 3056 352 3126 ab
379 3054 442 3125 allo
466 3055 566 3128 latere
590 3064 675 3127 terra
697 3056 769 3151 lupi
790 3056 903 3128 militie
927 3065 960 3128 et
984 3057 1024 3128 de
1046 3078 1114 3128 nno
1137 3057 1241 3152 capito
1264 3066 1351 3129 terra
1370 3101 1667 3130 .............

255 3179 294 3248 ab
318 3179 383 3250 alio
407 3179 510 3271 capite
542 3179 596 3249 via
629 3179 758 3272 publica
790 3179 849 3275 qni
871 3179 962 3251 badit
983 3203 1043 3274 per
1067 3187 1156 3252 coste
1179 3182 1220 3250 de
1242 3181 1381 3252 fundum
1403 3179 1504 3252 saneti
1530 3181 1679 3251 archan-

256 3306 345 3398 geli:
371 3307 511 3377 monnda
533 3306 619 3400 petia
643 3307 684 3378 do
708 3315 794 3377 terra
817 3329 883 3401 qne
906 3305 1094 3376 nominatur
1117 3306 1313 3375 cernmaiore
1340 3313 1373 3376 et
1395 3307 1521 3398 ipaebet
1543 3307 1584 3376 ab
1608 3330 1676 3376 nno

136 3430 141 3440 ’
261 3431 358 3501 latera
381 3431 530 3502 terra-'de
553 3429 740 3502 bominibus
763 3431 805 3502 do
828 3431 1025 3502 fulinianum
1048 3439 1081 3502 et
1106 3431 1146 3502 de
1170 3427 1234 3498 alio
1258 3429 1358 3501 latere
1381 3439 1549 3523 terraque
1566 3436 1675 3503 nomi-

256 3567 352 3628 natur
379 3579 527 3629 muscum
559 3581 658 3652 quam
681 3565 769 3628 tenet
792 3555 845 3626 leo
871 3559 911 3630 de
934 3558 1068 3628 tribuno
1090 3557 1230 3630 iohanne
1255 3567 1288 3628 et
1311 3555 1359 3626 illi
1382 3557 1422 3626 de
1447 3557 1617 3630 aniscone:
1644 3571 1676 3634 et

256 3685 296 3756 de
321 3701 387 3754 nno
411 3683 515 3775 capite
538 3705 655 3776 oampu
679 3683 739 3776 qni
762 3681 949 3752 nominatur
972 3681 1170 3750 eubulannm
1193 3681 1290 3750 sicuti
1313 3679 1398 3750 inter
1420 3703 1455 3751 se
1476 3681 1530 3752 nia
1554 3687 1675 3756 exfinat

136 3795 144 3810 '
259 3819 290 3879 ot
313 3806 353 3878 ab
377 3807 443 3876 alio
467 3807 570 3898 capite
593 3815 678 3877 terra
702 3803 889 3875 bominibus
912 3806 954 3875 do
977 3804 1189 3898 casapisinna.
1214 3805 1347 3876 tertium
1362 3827 1514 3899 campum
1535 3809 1594 3902 qui
1608 3832 1676 3881 no-

258 3927 402 3997 minatur
425 3947 498 3996 oasa
523 3923 594 3994 alba
617 3925 701 3994 insta
725 3933 808 3994 orta·
821 3925 863 3996 do
885 3922 981 3994 liberi
1004 3932 1037 3993 et
1060 3922 1100 3993 de
1122 3945 1190 3992 nno
1212 3923 1312 3994 latere
1334 3923 1389 3993 via
1413 3951 1433 3996 a
1441 3975 1665 3998 ..........

257 4061 289 4122 et
313 4053 352 4122 de
377 4049 441 4119 alio
465 4049 565 4119 latere
590 4057 676 4119 terra
702 4045 848 4118 cellerari
872 4055 906 4118 et
927 4055 1014 4120 terra
1036 4046 1186 4116 iohannis
1209 4048 1251 4118 de
1274 4045 1435 4118 cesarinm
1458 4048 1499 4118 ab
1523 4072 1590 4120 nno
1613 4075 1676 4122 ca-

255 4177 322 4271 pite
346 4185 432 4245 terra
456 4171 637 4243 atroaldum
660 4181 692 4242 et
715 4170 756 4240 ab
779 4169 854 4276 alio·
867 4171 973 4265 capite
1004 4171 1074 4265 ipsa
1106 4171 1201 4242 horta
1232 4171 1272 4242 de
1295 4167 1389 4242 liberi
1412 4171 1509 4242 aienti
1532 4173 1616 4246 inter
1639 4199 1674 4247 aa

261 4305 313 4375 ria
330 4305 470 4375 exfinat:
490 4309 644 4394 quartum
661 4321 812 4393 campum
826 4299 886 4394 qui
901 4299 1087 4370 nominatur
1102 4323 1220 4394 oampn
1235 4300 1358 4372 maiore
1373 4300 1465 4372 iuxta
1482 4303 1673 4394 pontianum
1699 4319 1701 4324 '

260 4430 374 4503 abente
396 4427 437 4497 ab
460 4447 528 4497 nno
552 4425 652 4495 latero
675 4432 762 4504 terra
787 4425 827 4495 de
850 4425 989 4495 fundora
1007 4425 1047 4496 de
1061 4424 1253 4518 pontianum
1268 4438 1301 4494 et
1325 4423 1366 4494 ab
1382 4425 1447 4494 alio
1469 4425 1570 4497 latero
1587 4435 1675 4500 terra

254 4557 326 4650 lupi
348 4554 468 4626 militi:
494 4562 528 4625 et
551 4549 591 4621 ab
615 4573 687 4628 nno,
701 4549 806 4643 capito
820 4556 909 4621 terra
932 4549 1119 4620 bominibus
1143 4552 1184 4622 de
1207 4551 1398 4644 pontianum
1422 4563 1455 4626 et
1470 4556 1512 4626 ab
1529 4559 1594 4630 alio
1610 4582 1673 4631 ca-

256 4682 324 4778 pito
347 4680 402 4751 via
424 4677 565 4774 publica.
588 4677 739 4772 quintum
762 4698 916 4769 campum
939 4677 997 4770 qui
1020 4677 1207 4748 nominatur
1230 4677 1386 4750 emdanri
1410 4681 1523 4755 abente
1540 4686 1580 4756 de
1601 4710 1670 4758 uno

255 4809 356 4896 latere
379 4816 466 4880 terra
489 4805 676 4879 nominibus
708 4805 748 4877 de
778 4804 969 4898 pontianum
998 4811 1032 4874 et
1065 4805 1107 4876 ab
1129 4801 1194 4874 alio
1217 4801 1317 4876 latere
1350 4815 1437 4879 terra
1457 4809 1606 4882 iohannis
1630 4815 1671 4886 de

257 4933 415 5004 aeonium
438 4937 471 5002 et
495 4929 535 5000 ab
560 4929 625 5001 alio
647 4929 751 5026 capita
777 4939 865 5002 tetra
887 4928 1058 5002 memorati
1079 4927 1150 5023 lupi
1172 4927 1293 5002 militi:
1320 4939 1449 5003 sextum
1471 4955 1598 5026 campn
1612 4937 1671 5028 qni

357 5058 422 5130 l'ol.
448 5058 496 5127 11.
1304 5071 1326 5135 o
