4876 6532
903 667 917 752 (
944 672 989 731 aa
1016 668 1031 754 1

253 826 281 904 si
305 827 388 902 meis
411 823 584 900 heredibus
608 823 744 896 luissent
767 821 807 893 de
830 841 940 892 semen
963 842 1071 892 meum
1096 823 1277 896 11111111
1300 824 1463 898 incorum
1482 830 1669 905 dememo-

257 964 343 1028 ratas
366 947 632 1044 congregationes
656 948 695 1018 de
717 957 895 1018 memorata
910 943 1087 1014 salutiferas
1103 942 1264 1017 chartulas
1282 947 1322 1019 de
1337 961 1514 1024 memoratu
1532 956 1666 1030 ecclesia

255 1083 296 1156 sit
319 1082 359 1151 in-
377 1085 534 1174 potestate
557 1073 713 1169 quicquid
737 1071 853 1146 exinde
876 1073 983 1143 lacere
1007 1071 1212 1142 volueritis!
1238 1082 1287 1143 set
1311 1079 1533 1150 tantummodo
1563 1082 1670 1155 omnis

255 1213 388 1305 hugum
422 1226 523 1300 quern
558 1201 678 1273 ibidem
711 1201 747 1270 in
778 1207 971 1272 memoratas
999 1199 1139 1293 integras
1162 1211 1248 1272 terra
1263 1223 1344 1272 mea
1367 1211 1405 1272 ut
1427 1225 1525 1297 super
1546 1207 1668 1301 legitur

256 1335 334 1408 deus
357 1329 501 1404 dederint
526 1329 565 1399 de
589 1326 722 1397 inferius
746 1333 778 1396 et
801 1323 949 1416 superius
972 1323 1196 1396 omnisannuc
1211 1324 1246 1394 in
1262 1323 1333 1396 1111
1350 1326 1391 1395 sit
1406 1336 1561 1420 potestate
1577 1353 1664 1401 cun·

256 1463 313 1534 ctis
337 1453 451 1532 diebus
474 1456 540 1530 rite
563 1474 659 1526 mee:
686 1439 750 1525 Set
762 1463 870 1523 autern
893 1460 966 1546 post
981 1475 1060 1522 vero
1073 1473 1183 1523 meum
1207 1453 1377 1524 transitum
1401 1464 1477 1527 tunc
1500 1456 1609 1526 omnia
1634 1469 1666 1530 et

256 1587 290 1658 in
315 1587 466 1659 omnibus
489 1581 692 1657 revertantur
716 1591 748 1654 et
771 1581 812 1652 sit
840 1583 992 1653 obertum
1015 1589 1048 1652 et
1062 1579 1217 1653 traditum
1245 1579 1280 1649 in
1299 1593 1476 1652 memorata
1502 1584 1664 1658 salutifera

254 1711 400 1785 chartula
423 1707 680 1806 congregationis
704 1711 744 1782 de
768 1717 944 1780 memorate
967 1707 1099 1780 ecclesie
1114 1708 1155 1779 ad
1172 1707 1332 1794 abendum
1347 1707 1418 1779 illos
1441 1709 1476 1778 11
1492 1713 1667 1804 sempiter-

253 1863 334 1914 num
368 1848 406 1911 ut
436 1861 533 1932 super
566 1837 685 1930 legitur
717 1837 786 1909 sine
819 1837 924 1908 omnis
945 1835 1177 1934 minuitatem:
1214 1847 1261 1907 set
1284 1837 1415 1930 iusuper
1438 1838 1521 1908 etsi
1556 1841 1670 1932 quavis

252 1978 432 2061 temporem
455 1965 556 2058 ipsius
579 1968 758 2039 sacerdotes
780 1965 821 2038 de
836 1973 1028 2036 memoratas
1042 1963 1306 2072 congregationes
1322 1964 1363 2033 de
1378 1973 1570 2038 memoratas
1585 1965 1672 2037 salu·

252 2091 351 2166 libr-aa
374 2085 534 2164 chartulas
557 2095 597 2166 de
621 2103 797 2165 memorata
821 2093 952 2164 ccclesia
971 2091 1031 2164 hec
1046 2101 1155 2163 autem
1170 2105 1345 2163 memorata
1360 2095 1483 2185 integra
1498 2102 1582 2164 terra
1598 2117 1671 2164 mea

252 2225 288 2286 ut
302 2237 398 2307 serpen
412 2215 531 2307 legitur
543 2237 618 2284 cum
634 2215 783 2285 omnibus
798 2216 860 2285 sivi
883 2213 1115 2310 pertinentibus
1138 2215 1275 2309 qualiter
1290 2217 1436 2308 superius
1459 2215 1577 2309 legitur
1600 2217 1672 2287 illos

253 2342 293 2413 11
315 2340 454 2412 vendero
478 2339 605 2412 abueris
629 2363 687 2433 per
714 2342 832 2436 quovis
855 2344 988 2412 modum
1012 2349 1088 2411 tunc
1105 2349 1213 2410 autem
1228 2341 1299 2410 illos
1315 2341 1411 2412 nullis
1428 2342 1504 2412 alias
1520 2364 1672 2435 personas

252 2475 416 2542 extraneas
431 2486 486 2534 eos
516 2463 655 2536 uendere
679 2464 793 2534 deveas
817 2487 874 2556 per
897 2464 1023 2534 nullum
1046 2465 1189 2535 modum.
1213 2463 1276 2535 nisi
1298 2475 1423 2536 tantum
1447 2468 1486 2538 ad
1503 2467 1673 2542 heredibus

251 2593 389 2688 propriis
405 2592 444 2663 de
457 2599 632 2662 memorata
656 2589 786 2662 domina
809 2611 903 2661 maru
925 2591 1059 2662 11111111
1074 2591 1192 2662 femina
1212 2593 1321 2665 relicta
1336 2595 1467 2689 quidem
1488 2599 1673 2684 memoratis

252 2720 374 2794 domini
396 2717 543 2789 iohannis
557 2715 611 2788 cui
627 2739 723 2810 supra
737 2735 855 2786 nomen
877 2715 1023 2786 bascrani
1037 2715 1094 2810 qui
1110 2717 1240 2789 suerunt
1256 2719 1431 2790 venditoris
1448 2720 1529 2792 meis
1543 2721 1577 2791 in
1591 2746 1672 2815 pra-
1715 2693 1717 2698 Ι

251 2841 333 2913 tium
348 2850 386 2912 11
408 2849 516 2912 autem
539 2847 717 2911 memorata
738 2838 879 2931 integras
902 2847 986 2910 terra
1004 2863 1082 2910 mea
1104 2859 1181 2912 cum
1197 2841 1346 2913 omnibus
1362 2843 1424 2914 sivi
1441 2843 1673 2937 pertinentibus

251 2978 288 3040 nt
309 2992 406 3065 super
428 2969 547 3062 legitur
570 2967 743 3061 adpretiata
766 2965 866 3038 fueris
889 2989 907 3036 1
930 2967 1198 3039 christianissimis
1220 2969 1300 3042 viris
1313 2970 1396 3040 sicut
1413 2959 1522 3042 autem
1539 2995 1671 3043 memo·

251 3101 319 3163 rata
342 3091 486 3163 chartula
510 3115 581 3163 mea
605 3090 746 3162 continet
763 3091 790 3162 si
805 3113 881 3162 eum
896 3099 1039 3162 emerent
1054 3089 1229 3162 voluerint:
1249 3101 1282 3164 11
1297 3089 1325 3162 si
1341 3101 1449 3166 antem
1473 3095 1545 3166 illos
1563 3119 1672 3170 emere

251 3217 413 3292 voluerint
438 3217 552 3312 quavis
576 3219 616 3288 de‘
639 3217 778 3312 propriis
800 3215 971 3290 heredibus
994 3217 1034 3288 de
1057 3229 1237 3290 memorata
1261 3219 1391 3290 domina
1415 3244 1508 3291 maru
1530 3221 1667 3294 honesta

201 3371 206 3394 ⁶
252 3344 368 3416 lomina
392 3343 502 3416 relicta
526 3343 712 3414 memoratis
734 3342 881 3414 iohannis
895 3341 1042 3414 bascrani
1057 3343 1194 3436 qualiter
1209 3343 1352 3414 continet
1371 3355 1548 3416 memorata
1565 3347 1668 3416 char-

252 3467 318 3539 11111
340 3463 399 3560 per
422 3467 538 3562 quovis
562 3469 695 3538 modum
729 3477 808 3537 tunc
842 3475 952 3538 autem
986 3463 1147 3538 licentiam
1173 3473 1206 3536 11
1228 3475 1418 3559 potestatem
1443 3468 1537 3538 abeas
1569 3469 1671 3561 ipsius

253 3591 432 3662 sacerdotes
468 3589 526 3684 qui
560 3589 628 3660 dies
661 3597 843 3683 noctuque„
873 3588 1018 3660 officium
1046 3589 1179 3660 iecerint
1213 3589 1247 3659 in
1280 3599 1456 3661 memorata
1493 3591 1687 3679 salutiferas

31 3722 49 3827 'r
152 3711 154 3716 ’
254 3717 397 3790 chartula
421 3719 461 3790 de
483 3729 674 3788 memoratas
696 3715 828 3787 ecclesia
850 3715 923 3784 illos
946 3717 1084 3788 vendere
1107 3725 1141 3786 et
1163 3716 1239 3788 dare
1263 3717 1315 3786 cui
1340 3695 1511 3788 voluerint.
1539 3729 1587 3790 set
1606 3743 1668 3790 au-

252 3851 318 3918 lem
340 3843 482 3939 pretium
505 3841 594 3935 quod
618 3839 734 3912 exinde
766 3839 806 3910 de
834 3847 1026 3910 memoratas
1048 3839 1187 3933 integras
1213 3850 1296 3912 terra
1319 3866 1396 3912 mea
1420 3865 1495 3912 cum
1519 3843 1671 3916 omnibus

252 3968 315 4044 1111
336 3969 570 4066 pertinentibus
592 3976 630 4038 11
653 3990 750 4062 super
771 3967 891 4062 legitur
915 3967 1047 4037 tulerint
1068 3991 1127 4062 per
1150 3970 1266 4063 quovis
1289 3972 1434 4043 modum.
1459 3977 1536 4040 tunc
1563 3983 1672 4043 111111

254 4097 344 4172 oanni
365 4107 545 4194 temporem
569 4095 610 4166 ad
633 4094 737 4165 bicem
761 4118 902 4168 11111111
919 4097 1034 4168 deveas
1050 4097 1127 4190 ipsis
1152 4099 1330 4169 sacerdotes
1357 4099 1396 4170 de
1412 4107 1589 4171 memorata
1603 4100 1670 4172 1111

253 4223 416 4306 nominata
451 4221 734 4318 congregationem
768 4220 809 4292 de
843 4231 1035 4292 memoratas
1063 4221 1226 4293 salutifera
1258 4222 1404 4298 chartula
1427 4225 1468 4294 de
1494 4237 1671 4298 memorata

254 4351 386 4424 ecclesia
409 4347 471 4419 alia
495 4357 580 4418 terra
603 4347 639 4416 11
661 4343 839 4420 memoratu
863 4344 1025 4416 salutilera
1048 4345 1194 4416 chartula
1217 4345 1257 4417 de
1279 4327 1457 4417 memorata
1485 4347 1617 4419 ecclesia
1633 4352 1674 4422 ad

254 4477 413 4552 ubendum
429 4475 501 4546 illos
517 4474 551 4545 in
567 4473 797 4567 sempiternum
808 4493 869 4564 pro
885 4471 991 4541 anima
1002 4493 1075 4541 mea
1091 4480 1123 4543 et
1137 4493 1209 4540 mea
1226 4478 1335 4540 autem
1347 4473 1670 4584 commemoratione:

253 4601 386 4696 insuper
408 4609 516 4671 autem
539 4596 658 4690 placuit
681 4593 762 4664 mihi
786 4601 819 4665 et
832 4593 860 4664 si
875 4594 989 4686 quavis
1014 4602 1192 4688 temporem
1214 4593 1329 4686 quavis
1344 4593 1458 4665 homos
1482 4595 1597 4666 exierit
1612 4597 1672 4693 qui

253 4728 315 4802 hec
337 4735 445 4800 autem
468 4724 616 4795 omnibus
631 4720 815 4795 memoratis
831 4731 988 4817 quantum
1002 4722 1149 4816 superius
1164 4721 1283 4814 legitur
1298 4722 1370 4794 illos
1383 4723 1444 4828 hec
1467 4725 1576 4796 omnia
1590 4725 1673 4796 sub-

254 4851 381 4922 trahere
403 4847 544 4920 roluerit
575 4848 614 4918 de
630 4845 690 4916 sub
704 4855 892 4940 potestatem
908 4849 947 4919 de
963 4854 1154 4917 memoratas
1170 4847 1428 4940 congregationis
1442 4849 1482 4922 de
1495 4860 1674 4922 memorata

254 4975 414 5050 1111111111
429 4971 575 5044 chartula
591 4971 632 5045 de
647 4980 823 5045 memorata
846 4971 978 5046 ccclesia
994 4971 1184 5070 perquerio
1204 4974 1339 5046 modum
1355 4982 1411 5047 aut
1426 4973 1674 5070 percommissis
