4900 6528
904 651 921 743 (
947 661 1013 724 26³
1038 653 1049 746 )

186 795 191 802 ’
265 812 412 882 mentum
426 825 493 878 non
509 802 680 878 fecerimus
694 803 856 877 licentiam
871 803 987 878 hahet
1002 807 1071 902 ipsa
1085 809 1223 882 mcundu
1238 785 1345 904 portio
1360 809 1395 884 in
1410 811 1524 884 mem
1539 813 1691 906 palmen-

264 945 335 1008 tum
358 933 511 1008 [abritum
526 932 619 1006 istius
640 933 798 1028 portionis
813 931 904 1004 omni
918 953 1027 1004 annuo
1040 933 1162 1006 calcare
1176 943 1210 1007 et
1223 935 1443 1011 vindemniara
1456 939 1527 1034 ipsa
1542 941 1695 1035 portione

264 1086 331 1136 sua.
345 1063 466 1136 Omnes
482 1061 570 1136 enim
585 1057 755 1156 legationis
770 1083 870 1158 quem
883 1057 1049 1134 continent
1064 1057 1134 1156 ipse
1151 1059 1297 1133 chartaria
1310 1062 1528 1155 pastinationis
1541 1067 1605 1139 sint
1627 1069 1691 1139 fir-

262 1211 343 1263 mas.
369 1192 420 1264 De
443 1197 552 1264 entem
574 1189 712 1284 scapulis
735 1212 778 1260 ex
800 1189 908 1282 ipsum
922 1209 1075 1282 campum
1089 1195 1211 1260 stemus
1227 1186 1337 1258 ambus
1351 1191 1510 1281 partesad
1527 1191 1633 1285 legem
1649 1203 1690 1267 eo

260 1321 352 1415 quod
367 1341 432 1390 non
454 1325 530 1388 sunt
551 1316 706 1412 pmdnute
720 1323 754 1390 et
768 1323 928 1410 quantum
939 1338 983 1388 ex
998 1313 1067 1408 ipse
1081 1314 1209 1408 scapulo
1224 1323 1299 1386 sunt
1313 1314 1349 1386 in
1365 1313 1435 1409 ipsu
1447 1317 1586 1388 mcunda
1607 1341 1691 1412 por-

261 1443 350 1515 tione
364 1441 478 1514 fiamus
501 1440 542 1545 ud
564 1438 670 1536 legem
685 1447 722 1512 ut
746 1460 844 1534 super
866 1437 986 1536 legitur
1000 1437 1028 1510 si
1042 1459 1100 1532 per
1113 1437 1220 1532 legem
1237 1440 1381 1532 potueris
1396 1441 1466 1514 illas
1482 1441 1601 1515 hebere
1624 1443 1693 1538 ipsa

261 1571 400 1646 emunda
415 1570 523 1666 portio
535 1569 591 1642 fiat
603 1568 639 1642 in
651 1569 721 1666 ipsa
734 1591 792 1642 sua
806 1567 955 1665 portione
969 1573 1003 1640 et
1016 1566 1044 1640 si
1059 1589 1118 1661 per
1133 1565 1239 1662 legem
1252 1586 1318 1638 non
1333 1572 1477 1663 potueris
1491 1572 1560 1644 illm
1571 1573 1691 1646 hebere

262 1697 339 1768 fiant
353 1705 425 1768 tuus
435 1695 606 1770 memorati
617 1694 740 1768 domini
751 1693 883 1768 iohanni
894 1693 1084 1768 venerahilis
1095 1695 1251 1790 ygumeni
1261 1696 1461 1792 posmrisque
1473 1699 1548 1772 tuis.
1562 1723 1621 1773 nos
1632 1725 1694 1774 ve·

261 1847 301 1896 ro
316 1823 504 1897 memoratis
518 1821 679 1918 germanis
694 1831 727 1894 et
740 1822 873 1896 heredes
889 1820 1007 1896 nornis
1022 1830 1202 1896 memorato
1212 1841 1367 1915 germano
1382 1831 1494 1896 nostro
1509 1832 1541 1894 ct
1555 1824 1689 1899 heredes

262 1949 331 2022 aius
354 1975 396 2022 ex
419 1949 471 2022 his
494 1951 645 2024 omnibus
667 1951 855 2024 memoratis
877 1949 938 2024 tihi
961 1951 1163 2047 posterisque
1185 1949 1251 2022 tuis
1275 1951 1412 2046 desuper
1428 1951 1541 2023 tollere
1565 1953 1691 2045 promi-

262 2079 386 2152 ctimus.
412 2088 445 2154 ct
469 2104 532 2176 ego
554 2089 735 2153 memorato
767 2081 933 2156 mviniano
957 2089 990 2152 et
1011 2081 1148 2154 heredes
1178 2077 1260 2150 meis
1282 2091 1459 2152 memorata
1482 2103 1588 2153 nurua
1616 2103 1688 2154 mea

261 2216 294 2279 et
316 2207 450 2282 hmedes
482 2209 554 2284 eius
577 2209 636 2282 tibi
658 2211 860 2306 posterisque
888 2209 954 2284 tuis
978 2210 1094 2284 exinde
1125 2209 1263 2302 desuper
1294 2207 1407 2280 tollere
1442 2211 1683 2304 promistimus.

262 2331 351 2422 Quia
373 2335 418 2402 ita
443 2335 536 2405 nobis
559 2335 760 2428 complacui:
787 2336 822 2407 si
844 2345 955 2410 antem
978 2358 1037 2408 nos
1052 2341 1108 2408 aut
1121 2333 1255 2406 herodes
1269 2336 1386 2406 nostris
1402 2333 1520 2430 quovis
1542 2343 1688 2430 tempore

259 2467 370 2529 contra
394 2460 478 2530 hanc
500 2456 629 2532 merissi
652 2458 818 2536 divisionis
841 2469 879 2530 ut
901 2483 997 2555 snper
1020 2463 1140 2556 legitur
1163 2463 1274 2536 venire
1289 2461 1558 2556 presumserimus
1572 2470 1606 2536 ct
1620 2465 1690 2535 mi-

259 2589 348 2659 nime
371 2587 656 2682 adimpleverimus
677 2587 739 2660 hec
762 2586 872 2660 omnia
895 2597 1073 2660 memorata
1088 2597 1121 2662 et
1136 2589 1171 2660 in
1186 2590 1309 2687 aliquid
1324 2590 1437 2666 offensi
1455 2591 1613 2673 interimus
1628 2615 1691 2688 per

260 2712 379 2808 quovis
403 2715 539 2786 modum
562 2721 620 2785 aut
642 2714 821 2786 summissis
852 2737 1015 2810 personas.
1040 2722 1118 2788 tunc
1143 2717 1370 2815 componimus
1400 2719 1461 2793 tihi
1485 2723 1686 2816 posterisque

258 2841 326 2912 tuis
348 2841 420 2912 uuri
444 2839 524 2912 libra
548 2861 613 2912 una
635 2839 840 2935 bythianteu:
867 2851 901 2914 et
922 2843 984 2916 laec
1008 2843 1138 2916 meriaci
1160 2847 1300 2942 qualiter
1323 2851 1466 2922 continet
1490 2852 1583 2922 firma
1608 2872 1688 2942 per-

260 2977 390 3039 maneat
411 2969 661 3064 imperpetuum.
687 2967 804 3063 scripta
826 2993 885 3063 per
908 2993 1023 3044 manus
1046 2971 1180 3044 iohanni
1193 2975 1324 3046 curialis
1344 2976 1485 3048 scribere
1501 2977 1688 3067 rogavimus

258 3118 321 3188 per
343 3096 520 3168 indictione
543 3104 722 3169 memorata
745 3098 880 3194 septima
903 3099 935 3193 †

357 3223 431 3293 Hoc
452 3221 581 3314 signum
604 3220 635 3317 †
657 3244 772 3296 manns
795 3224 965 3296 memorati
979 3225 1077 3318 sergii
1092 3235 1125 3296 et
1139 3225 1338 3320 henpraxiae
1353 3225 1515 3318 germanis
1531 3241 1606 3296 cum
1623 3247 1688 3295 vo-

258 3350 396 3421 lumtate
418 3351 588 3422 memorati
612 3350 743 3424 iohanni
767 3351 886 3425 deboto
909 3352 1070 3426 monacho
1085 3352 1225 3446 genitori
1241 3373 1377 3424 suorum
1396 3353 1494 3422 etiam
1508 3363 1686 3424 memorata
1786 3341 1795 3354 ⁵

257 3478 417 3568 eupraxia
441 3499 517 3549 cum
540 3478 706 3552 voluntate
729 3480 900 3553 memorati
927 3478 1060 3551 iohanni
1084 3479 1147 3552 viri
1171 3481 1231 3550 sui.
1255 3481 1384 3573 signum
1409 3479 1440 3576 †
1467 3501 1580 3550 manus
1609 3501 1686 3551 me-

257 3605 379 3674 morati
402 3607 558 3679 saviniani
581 3632 644 3703 ego
667 3609 727 3705 qui
751 3617 945 3681 memoratos
968 3631 1029 3704 pro
1054 3609 1102 3683 eis
1125 3609 1297 3704 subscripsi
1321 3607 1353 3705 †
