4854 6528
913 655 1059 756 (165)

262 813 410 886 similiter
436 811 608 884 medietate
631 817 680 883 set
702 809 863 882 mercedes
879 808 920 884 de
934 809 1098 906 operarios
1123 819 1155 884 at
1178 813 1462 886 vindemniandum
1486 821 1517 888 et
1532 815 1694 910 colligen·
1820 841 1822 844 ·

261 943 340 1014 dum
363 939 440 1033 ipsis
463 939 557 1008 olibis
581 961 637 1010 seu
661 941 876 1010 macenuturia
899 939 1045 1034 ipsorum
1060 939 1152 1010 olibis
1170 937 1212 1011 de
1236 963 1373 1011 comune
1397 945 1543 1036 pergiere
1568 945 1692 1016 debea-

263 1085 337 1136 mus
359 1073 407 1134 set
430 1085 493 1156 ego
516 1071 549 1133 et
572 1061 722 1133 omnibus
757 1062 944 1134 bominibus
981 1063 1130 1134 masculis
1156 1065 1196 1134 de
1220 1087 1291 1135 oasa
1316 1087 1389 1132 mea
1421 1065 1518 1158 gratis
1542 1067 1588 1138 ibi
1611 1070 1692 1142 vin·

264 1188 425 1260 demniare
440 1196 475 1258 et
487 1185 640 1278 colligere
662 1207 719 1256 seu
744 1207 910 1257 moenere
934 1185 1119 1258 debeamus:
1138 1195 1170 1256 et
1186 1185 1366 1256 nullatenus
1388 1191 1610 1278 presummetis
1633 1213 1692 1264 vos

265 1323 320 1385 aut
342 1311 476 1406 posteris
500 1313 613 1385 vestris
628 1335 688 1383 nec
706 1311 826 1384 abeatis
841 1312 1003 1383 licentiam
1019 1322 1193 1383 memorata
1216 1323 1302 1383 terra
1324 1323 1429 1384 vestre
1456 1315 1605 1384 omnibus
1626 1319 1694 1390 vite

264 1449 439 1512 memorate
470 1440 656 1532 sadelperga
689 1423 773 1511 mibi
796 1439 940 1534 meisque
974 1439 1145 1510 heredibus
1179 1439 1292 1508 tollere
1315 1463 1373 1532 per
1408 1441 1532 1511 nullum
1559 1443 1695 1516 modum

264 1587 323 1636 nec
336 1589 404 1659 ,per
430 1563 606 1638 summissis
638 1566 783 1660 personis
805 1589 865 1640 nos
887 1566 969 1638 bene
992 1565 1171 1638 lavorantes
1195 1574 1228 1635 et
1251 1564 1461 1656 adimplentes
1485 1567 1593 1637 omnia
1618 1591 1695 1640 me-

264 1704 399 1766 morata.
423 1703 496 1788 post
525 1703 634 1766 autem
667 1695 809 1768 eiusdem
840 1695 1024 1789 sadelperga
1054 1693 1224 1764 transitum
1250 1701 1427 1762 memorata
1455 1691 1581 1786 integra
1605 1703 1694 1767 terra

268 1829 374 1894 vestra
396 1843 472 1892 cum
495 1823 666 1894 arvoribus
688 1833 721 1895 et
743 1823 839 1894 olibis
860 1822 955 1894 dmul
978 1845 1052 1892 oum
1076 1821 1244 1890 introitum
1267 1841 1363 1890 suum
1387 1820 1600 1916 omnibusque
1625 1823 1689 1894 sivi

265 1944 494 2037 pertinentibus
518 1945 553 2016 in
575 1955 682 2016 restra
706 1945 906 2038 posterisque
928 1945 1042 2016 vestris
1066 1955 1309 2035 memoratoque
1331 1955 1441 2013 sancto
1465 1953 1497 2015 et
1512 1946 1688 2018 venerabili

265 2077 374 2140 vestro
406 2070 602 2142 monasterio
631 2069 833 2142 rebortantur
855 2077 888 2140 et
910 2067 973 2138 sint
1004 2075 1191 2159 potestatem
1223 2068 1315 2137 ouius
1340 2069 1411 2140 iure
1443 2091 1511 2140 esse
1547 2071 1688 2144 videtur.

266 2206 488 2270 verumtamen
510 2219 570 2268 nos
597 2221 672 2270 oum
695 2205 870 2270 memorata
901 2195 1084 2289 sadelperga
1105 2195 1173 2266 vite
1204 2215 1263 2266 sue
1286 2197 1374 2264 omni
1399 2219 1506 2266 annuo
1529 2198 1569 2268 de
1592 2221 1691 2270 com-

267 2321 358 2394 muni
395 2321 487 2392 vobis
513 2321 713 2415 posterisque
749 2321 862 2392 vostris
896 2321 1013 2391 exinde
1048 2321 1124 2390 dare
1148 2327 1179 2388 et
1203 2319 1340 2412 dirigere
1379 2319 1550 2390 debeamus
1576 2320 1687 2392 oleum

268 2444 443 2516 sextarium
466 2465 569 2514 unum
592 2444 714 2515 iustum
736 2444 865 2538 quando
889 2444 924 2514 in
947 2446 1017 2536 ipso
1040 2445 1112 2516 loco
1136 2454 1229 2516 uetus
1256 2445 1353 2515 luerit
1374 2445 1483 2516 oleum
1496 2452 1530 2515 et
1553 2447 1684 2538 quando

268 2573 303 2643 in
328 2571 399 2666 ipso
423 2571 496 2642 loco
522 2571 632 2644 oleum
654 2593 721 2642 non
742 2569 842 2640 luerit
859 2579 973 2641 natum
995 2572 1122 2641 nemine
1139 2573 1229 2642 vobis
1246 2597 1322 2644 eum
1347 2575 1489 2669 querau's
1511 2583 1545 2645 et
1558 2575 1689 2667 quando

268 2707 447 2770 memoratu
474 2697 660 2790 sadelperga
674 2695 723 2765 ibi
748 2693 789 2766 ad
812 2692 1065 2786 recolligendum
1080 2693 1206 2765 benerit
1219 2719 1278 2766 nos
1294 2720 1332 2766 ea
1354 2699 1499 2768 enutrire
1516 2697 1689 2770 debeamus

268 2831 306 2892 ut
320 2822 445 2894 iustum
458 2821 565 2894 luerit.
588 2820 673 2904 Quia
696 2819 741 2890 ita
764 2817 857 2890 nobis
879 2817 1074 2912 complacui:
1100 2817 1134 2888 Si
1158 2829 1267 2888 autem
1288 2841 1353 2911 ego
1374 2831 1430 2890 aut
1452 2819 1586 2891 herodes
1609 2819 1689 2890 meis

268 2946 386 3040 quovis
408 2955 555 3040 tempore
578 2953 689 3018 contm
711 2943 794 3014 liano
816 2941 993 3012 chartulam
1016 2941 1235 3034 promissionis
1257 2953 1294 3013 ut
1316 2953 1412 3033 super
1433 2940 1552 3032 legitur
1579 2941 1691 3012 venire

268 3069 533 3164 presumserimus
556 3077 589 3141 et
611 3067 744 3140 minime
768 3055 1050 3160 adimpleverimus
1069 3065 1130 3134 bec
1153 3063 1262 3136 omnia
1276 3073 1501 3140 memorata-et
1516 3063 1551 3132 in
1567 3061 1691 3156 aliquid

270 3198 382 3271 oll'ensi
404 3197 559 3270 fuerimus
582 3217 641 3290 per
663 3195 780 3290 quovis
794 3193 930 3264 modrun
943 3201 999 3263 ant
1013 3191 1187 3262 summissis
1204 3189 1356 3281 personis.
1374 3199 1450 3262 tuno
1465 3188 1691 3282 componimus

272 3325 366 3398 vobis
399 3324 600 3419 posterisque
636 3323 749 3422 restris
783 3320 856 3394 anni
885 3319 1002 3391 solidos
1025 3315 1140 3406 viginti
1163 3314 1377 3405 bythianteos.
1403 3322 1435 3384 et
1458 3312 1519 3384 beo
1541 3313 1688 3386 chartula

273 3453 413 3548 qualiter
447 3453 589 3526 continet
610 3451 655 3528 sit
674 3453 767 3523 firma
785 3475 800 3520 r
818 3450 939 3547 scripta
959 3467 1017 3546 por
1045 3463 1161 3518 manus
1196 3438 1328 3517 loturi
1359 3437 1487 3514 cmialis
1515 3460 1572 3533 per
1602 3441 1689 3516 indi-r
1795 3423 1798 3430 ¹

272 3578 379 3649 ctione
402 3585 580 3648 memorata
603 3574 771 3647 undecima
796 3571 833 3666 i.-
1425 3603 1427 3608 v

367 3701 400 3796 †¹
421 3705 493 3774 lloo
515 3703 644 3796 signum
660 3699 691 3796 †
706 3722 819 3774 manus
835 3700 1009 3772 memorati
1028 3699 1110 3770 mari
1133 3699 1224 3792 quod
1245 3718 1313 3790 ego
1330 3695 1389 3790 qui
1411 3701 1605 3766 memoratos
1628 3713 1689 3788 pre

243 3891 249 3900 .
273 3850 351 3901 eum
373 3827 545 3920 subscripsi
569 3827 601 3922 †

171 4028 176 4034 ,
369 3951 401 4046 †
423 3975 486 4046 ego
508 3953 648 4025 melenus
670 3951 759 4026 lilius
780 3951 903 4026 domini
926 3951 1074 4023 iohannis
1097 3959 1229 4044 rogatus
1243 3973 1264 4020 a
1276 3948 1491 4042 suprascripto
1513 3948 1599 4016 mari
1620 3949 1692 4018 testi

275 4076 444 4170 subscripsi
468 4078 500 4176 †
1607 4056 1613 4072 ⁸

370 4204 402 4301 †
424 4229 485 4301 ego
507 4193 647 4280 stelenus
670 4205 754 4279 lilius
777 4203 900 4278 domini
923 4203 1071 4275 anastasii
1095 4213 1226 4296 rogetus
1245 4227 1263 4274 a
1280 4203 1498 4296 suprascripto
1521 4201 1604 4272 meri
1619 4201 1693 4272 testi

278 4333 449 4430 subscripsi
471 4339 503 4430 †

369 4459 486 4557 †eg0
508 4461 633 4555 sergius
655 4459 741 4534 iilius
763 4460 887 4531 domini
910 4459 1059 4530 iohannis
1088 4455 1239 4527 monaehi
1274 4461 1407 4547 rogetus
1430 4477 1449 4523 a
1472 4457 1691 4549 suprascripto

278 4588 362 4669 mari
384 4590 456 4658 testi
478 4587 708 4681 mbscripsil·¹
1292 4583 1297 4592 ’
1580 4585 1583 4591 ’
1630 4633 1633 4644 ,

371 4709 401 4805 †
425 4707 497 4806 Ego
518 4713 672 4784 iohannes
694 4709 831 4784 Curielis
853 4709 1021 4804 Compleri
1045 4717 1078 4780 et
1093 4710 1215 4782 absolvi
1238 4732 1297 4804 per
1316 4707 1490 4782 indictione
1512 4711 1691 4782 memorem

277 4841 445 4913 undecima
468 4835 499 4930 †
1684 4842 1688 4852 '
