4854 6528
938 959 1108 1034 CXXXIX.

907 1213 1034 1286 Christe
1057 1215 1131 1288 fava

402 1466 494 1561 †1n
515 1466 647 1538 nomine
671 1465 795 1574 domini
819 1466 872 1538 dei
894 1464 1062 1538 salvatoris
1084 1467 1186 1538 nostri
1210 1467 1303 1540 ihesu
1320 1469 1439 1542 Christi
1462 1473 1642 1569 imperante
1665 1485 1731 1556 do·
1797 1524 1854 1574 en.

305 1597 398 1668 mino
418 1603 529 1666 nostro
562 1591 676 1664 hesitio
710 1613 829 1686 magno
859 1592 1055 1686 imperatore
1087 1613 1171 1662 anno
1195 1591 1334 1666 docimo.
1357 1599 1416 1668 sod
1438 1608 1472 1672 et
1494 1603 1676 1698 niciphorio
1698 1620 1732 1684 st
1782 1639 1868 1702 970.

307 1722 514 1796 Constantino
535 1722 659 1815 magnis
682 1719 935 1816 imperatoribus
958 1741 1044 1790 anno
1073 1719 1210 1814 septimo
1243 1719 1295 1792 die
1325 1733 1440 1818 quarta
1471 1731 1589 1803 mensis
1620 1739 1731 1831 aprilis

306 1845 477 1917 indictione
501 1843 718 1917 tertiadecima
742 1843 886 1938 neapoli:
912 1843 1045 1915 Certum
1069 1855 1117 1916 ost
1139 1866 1193 1917 me
1209 1845 1364 1922 iohannes
1377 1851 1513 1924 umilem
1527 1855 1729 1949 igumenum,

306 1969 491 2042 monasterii
512 1980 695 2041 sanctorum
717 1969 816 2062 sergii
838 1981 872 2040 et
893 1967 1002 2040 haschi
1026 1969 1085 2062 qni
1102 1991 1189 2042 nunc
1204 1982 1465 2068 congregaturus
1480 1977 1515 2048 in
1531 1989 1728 2060 munasterio

305 2107 489 2171 sanctorum
512 2096 671 2169 theodori.
695 2107 728 2168 et
750 2097 920 2170 sebastiani
942 2097 1001 2192 qui
1025 2099 1201 2194 appellatur
1223 2103 1378 2196 casapicta
1394 2105 1494 2176 situm
1507 2087 1545 2178 'in
1561 2108 1727 2186 viridotio.

305 2230 376 2300 Una
399 2247 473 2297 cum
497 2234 590 2296 encta
604 2215 712 2294 nostra
736 2226 984 2320 congregatione
995 2226 1230 2298 monachorum
1245 2239 1428 2302 amoenam
1443 2237 1609 2306 memorati
1626 2242 1728 2312 sancti

304 2365 337 2423 et
358 2347 549 2421 venerahilis
572 2349 674 2420 nostri
695 2350 892 2422 monasterii.
918 2351 949 2421 Α
972 2351 1111 2443 presenti
1133 2351 1185 2423 dio
1207 2353 1421 2445 promtissima
1455 2356 1620 2430 voluntate
1643 2337 1724 2456 pio-

302 2473 466 2548 mictimus
487 2471 547 2542 tihi
561 2469 688 2544 marino
704 2469 894 2564 presbytero
908 2479 1017 2542 enatus
1032 2474 1285 2549 eundemne
1300 2477 1402 2550 sancti
1417 2477 1567 2552 euthimii
1583 2493 1728 2576 promter

302 2611 478 2676 memorata
508 2598 640 2672 ecclesia
670 2608 778 2670 nostra
808 2599 909 2673 sancti
938 2597 1100 2671 euthimii.
1132 2623 1197 2672 nna
1220 2627 1297 2676 cnm
1329 2605 1478 2679 domihus
1500 2617 1534 2680 et
1556 2607 1645 2682 eettis
1667 2633 1727 2684 seu

303 2725 528 2799 abitationihus
551 2733 584 2797 et
605 2724 750 2796 hortum.
775 2731 907 2796 etcum
928 2722 1078 2796 omnibns
1101 2723 1256 2798 nehusat
1277 2727 1460 2802 suasanus
1484 2731 1551 2804 suis
1575 2734 1616 2808 de
1638 2734 1731 2808 intm

303 2865 336 2928 st
360 2855 439 2928 ioris
461 2851 699 2947 homnihusqns
722 2853 770 2923 eis
789 2851 1024 2947 pertinentibus
1047 2855 1334 2948 quantummodo
1355 2866 1394 2928 tu
1409 2870 1517 2930 tenus
1533 2859 1662 2932 rider's.
1686 2870 1725 2932 ut

302 2980 452 3054 omnihus
475 2979 588 3052 diehns
611 2978 680 3050 rito
700 2985 757 3050 tuo
778 2976 813 3048 in
836 2983 896 3049 tna
915 2977 958 3050 sit
979 2987 1135 3072 potestate
1157 2983 1285 3054 mnendi
1309 2991 1343 3054 et
1357 2983 1556 3056 dominandi.
1573 3007 1631 3056 seu
1647 2989 1724 3058 iru-

301 3109 418 3205 qiandi.
443 3107 618 3180 secundum
643 3115 766 3182 tenore.
784 3113 819 3177 et
840 3105 953 3178 ordino
976 3105 1120 3178 chartule
1135 3129 1215 3202 quas
1231 3107 1289 3178 tihi
1305 3109 1471 3202 qnondam
1486 3109 1629 3183 domino.
1649 3133 1725 3206 gre·

301 3233 395 3329 gorio
417 3233 605 3327 presbytero
628 3239 662 3302 et
683 3229 811 3304 medico
843 3227 999 3321 magistro
1028 3239 1087 3300 tuo
1121 3230 1238 3302 exindo
1265 3232 1396 3302 recitet
1420 3241 1454 3301 at
1480 3241 1575 3304 tunm
1602 3235 1723 3307 transi·-

300 3368 371 3430 tum
394 3366 432 3429 tu
454 3357 489 3428 in
511 3365 688 3430 memorata
710 3355 843 3429 ecclesia
864 3366 973 3428 nostra
997 3353 1097 3426 sancti
1120 3351 1270 3424 euthimii
1291 3352 1461 3424 dimictero
1485 3357 1611 3428 dahoas.
1637 3359 1724 3432 ldest

301 3483 444 3558 medinm
467 3486 614 3558 modium
637 3487 677 3558 de
698 3493 786 3558 terra
808 3493 866 3556 toa
888 3506 953 3579 qne
976 3491 1114 3554 vocatur
1136 3499 1253 3571 campa
1275 3475 1398 3548 laudini
1421 3478 1506 3549 iusta
1530 3479 1578 3550 itii
1596 3481 1722 3576 tongrati

299 3609 462 3682 territorio
497 3610 671 3705 ptagiense.
707 3617 740 3680 et
772 3629 876 3680 unum
912 3604 1057 3676 codicem
1089 3611 1182 3675 tunm
1213 3601 1272 3695 qni
1307 3609 1355 3672 est
1385 3600 1608 3692 collectarium
1642 3609 1722 3680 artis

192 3707 204 3718 κ
299 3737 464 3810 medicine.
488 3757 544 3806 seu
569 3748 602 3807 et
627 3757 729 3806 unum
751 3735 1114 3827 salterium'qnamquo
1128 3741 1161 3802 et
1174 3751 1240 3800 una
1261 3729 1370 3802 burae.
1396 3739 1470 3824 post
1486 3739 1596 3802 autem
1618 3741 1715 3810 tunm

298 3865 467 3938 transitum
489 3863 667 3934 memorata
691 3861 833 3975 ecclesip·
848 3871 955 3930 nostra
987 3858 1089 3930 sancti
1119 3855 1277 3928 euthimii.
1308 3879 1374 3928 una
1402 3880 1478 3928 cum
1512 3859 1662 3930 domibus
1684 3871 1719 3934 es

298 3989 386 4062 cellis
409 4009 464 4061 seu
490 3985 725 4059 abitationibus.
758 3995 792 4056 et
814 3984 960 4054 hortum.
996 3993 1029 4055 et
1060 4003 1136 4052 cum
1158 3979 1309 4054 omnihus
1330 3983 1437 4054 rehns.
1461 3991 1494 4054 et
1508 3981 1716 4059 suhstrntiis.

297 4121 364 4190 suis
386 4115 426 4188 du
450 4115 536 4186 intus
558 4125 591 4185 et
605 4114 685 4184 ioris
700 4111 950 4206 homnihusque.
975 4111 1022 4184 eis
1035 4108 1281 4204 pertinentibus.
1306 4117 1345 4180 nt
1363 4107 1515 4182 diximum.
1542 4117 1719 4204 qnantum·

296 4245 395 4318 modo
424 4253 463 4316 tn
493 4255 602 4315 unere
633 4241 765 4314 uideris.
799 4249 833 4312 ot
858 4248 1080 4336 quotcumque
1111 4237 1278 4310 ahirihus
1299 4237 1353 4310 rel
1375 4262 1396 4309 a
1418 4237 1610 4310 mulimihus
1632 4239 1715 4316 hof-

296 4375 415 4446 fertum
438 4370 548 4444 fuerit.
577 4379 707 4443 etcum
738 4367 912 4440 homnibus
942 4365 1129 4439 memoratis
1159 4373 1301 4462 quantu
1324 4366 1359 4436 in
1381 4375 1557 4437 memorata
1583 4367 1717 4442 acoleia

296 4509 404 4572 nostra
436 4509 470 4570 at
501 4507 573 4569 tom
604 4497 775 4568 transitum
806 4496 971 4568 dimictero
1003 4495 1118 4567 debeas
1148 4503 1187 4564 ut
1217 4515 1315 4586 uapor
1344 4491 1476 4586 legitur.
1510 4494 1715 4568 rebamur

296 4637 329 4698 at
351 4649 453 4699 unum
476 4625 630 4698 clericum
652 4623 705 4693 vel
729 4621 942 4716 presbiterum
965 4620 1061 4715 qnaie
1083 4628 1120 4689 tn
1143 4617 1190 4688 ihi
1212 4615 1395 4713 relinquere
1418 4628 1453 4690 et
1471 4619 1713 4694 ordinaturo-

295 4755 407 4827 iueris.
433 4755 470 4826 ln
493 4753 608 4825 eodem
640 4763 752 4822 tenore
774 4758 813 4822 ut
835 4775 854 4820 a
879 4763 956 4822 tane
978 4759 1012 4822 et
1034 4746 1184 4820 omnihus
1208 4747 1321 4820 diehm
1344 4748 1410 4820 vito
1433 4769 1492 4821 eus
1514 4747 1550 4820 in
1578 4751 1648 4822 eius
1672 4751 1716 4821 sit

295 4889 450 4976 potestate
472 4877 601 4952 tenendi
624 4889 657 4949 et
679 4875 864 4949 dominandi
887 4897 945 4946 sen
975 4875 1148 4970 irngiandi.
1172 4875 1220 4948 tta
1243 4875 1367 4970 etipse
1399 4876 1518 4948 elerico
1550 4877 1717 4970 ratpre-

298 5005 429 5104 ahytero
459 5001 554 5100 quale
579 5011 613 5073 tu
637 5001 683 5072 ihi
707 5001 865 5073 dimiserit
887 4997 1007 5072 ihidem
1031 4999 1267 5094 superresidere
1298 5009 1332 5074 et
1359 5002 1482 5077 abitare
1510 5001 1655 5076 debeant.
1681 5011 1716 5074 et

1314 5129 1331 5166 ἡ
