4876 6532
1409 627 1426 722 (
1455 638 1518 697 ros
1546 623 1559 719 )
1644 643 1650 650 ·

777 776 996 850 mentaviliter
1028 775 1162 850 definivi
1195 786 1233 848 nt
1266 801 1363 873 super
1391 780 1511 876 legitur
1543 782 1632 876 quod
1667 781 1750 854 obsit
1773 780 2003 856 habentis''vos
2027 797 2209 864 memorato

776 907 911 982 domino
934 907 1041 1002 sergio
1065 905 1243 978 venerabili
1267 905 1423 1002 igumeno
1448 918 1505 982 sut
1527 910 1663 1005 posteris
1688 911 1804 986 restris
1824 935 1885 984 nee
1902 929 2101 989 memoratus
2122 941 2205 991 sun-

775 1050 847 1112 etus
871 1052 903 1110 et
926 1037 1119 1110 venerabilis
1142 1037 1249 1146 bester
1272 1039 1487 1136 monasterius
1510 1062 1706 1134 quoeunque
1725 1041 1972 1134 requisitionem
1986 1055 2043 1116 uut
2059 1047 2206 1122 molestis

777 1192 837 1264 per
871 1168 998 1242 nullum
1032 1169 1168 1240 modum
1199 1191 1259 1240 neo
1291 1190 1350 1264 per
1379 1167 1558 1240 summissis
1593 1169 1739 1262 personis
1761 1167 1804 1240 bu
1827 1181 1972 1244 nuncet
1995 1173 2205 1270 imperpetuis

693 1325 697 1328 ·
777 1299 990 1394 temporibus.
1016 1297 1151 1392 Insuper
1175 1296 1265 1370 omni
1289 1303 1435 1390 tempore
1459 1318 1521 1388 ego
1545 1306 1578 1366 et
1600 1295 1736 1368 herodes
1759 1297 1841 1369 meis
1864 1297 1998 1370 beredos
2025 1313 2204 1375 memorato

774 1424 905 1518 megalu
928 1425 969 1494 de
992 1419 1118 1512 cinegis
1140 1430 1174 1491 et
1197 1419 1331 1490 heredes
1355 1418 1456 1512 ipsius
1479 1418 1619 1512 genitori
1652 1420 1704 1490 sui
1732 1431 1766 1491 et
1789 1443 1940 1520 personas
1963 1423 2033 1494 ilias
2057 1427 2116 1520 qui
2140 1450 2201 1520 pro

774 1551 847 1621 viee
872 1569 986 1620 eorum
1009 1565 1069 1613 ros
1092 1542 1209 1612 exinde
1232 1539 1387 1636 quesierit
1419 1542 1513 1614 vobis
1542 1548 1744 1640 posterisque
1773 1547 1889 1616 vestris
1922 1548 2038 1619 exinde
2061 1549 2201 1644 desuper

772 1677 886 1747 tollere
910 1669 1084 1742 debeamus
1108 1669 1197 1740 nullu
1221 1669 1314 1742 vobis
1337 1671 1501 1744 mittentes
1524 1671 1784 1746 hooouusinnem.
1820 1672 1906 1758 Quia
1928 1673 1976 1744 itu
1996 1675 2082 1748 inter
2106 1677 2202 1752 nobis

771 1802 950 1875 iudicatum
974 1807 1044 1872 est:
1072 1801 1107 1872 Si
1131 1808 1240 1870 eutem
1263 1824 1326 1894 ego
1350 1812 1406 1871 sut
1430 1798 1567 1874 heredes
1591 1804 1672 1874 meis
1688 1801 1806 1897 quovis
1820 1811 1965 1896 tempore
1980 1815 2095 1876 eontra
2116 1805 2199 1877 buno

775 1926 955 2000 chamutum
989 1925 1170 1998 securioris
1200 1933 1239 1994 ut
1271 1947 1368 2018 super
1398 1926 1518 2053 beqitor
1546 1928 1658 1999 venire
1694 1928 1963 2020 presumserimns
1997 1939 2030 2001 et
2065 1931 2198 2004 minime

772 2051 1055 2147 adimpleverimus
1087 2051 1149 2122 hec
1182 2051 1292 2122 omnis
1326 2061 1505 2124 memorate
1539 2061 1573 2122 et
1601 2053 1636 2122 in
1669 2051 1792 2148 uliquid
1819 2053 1933 2126 odensi
1956 2053 2113 2128 fuerimus
2136 2080 2196 2150 per

773 2181 891 2277 quovis
913 2179 1048 2250 modum
1073 2187 1130 2249 uut
1153 2177 1331 2248 summissis
1354 2177 1510 2272 personis.
1535 2186 1612 2248 tuno
1627 2179 1854 2273 oomponimos
1870 2180 1963 2252 vobis
1977 2183 2191 2278 posterisque.
2265 2238 2269 2252 .

773 2310 890 2382 restris
913 2315 1159 2402 memoratoque
1177 2315 1288 2378 sancto
1304 2321 1337 2376 et
1353 2307 1529 2378 venerabili
1545 2316 1655 2378 vestro
1672 2307 1869 2380 monasterio
1883 2311 1956 2382 nuri
1970 2309 2090 2382 solidos
2105 2310 2197 2382 dno·

772 2433 1111 2530 decim-bytbienteos.
1135 2430 1253 2503 etheo
1275 2429 1422 2501 ebertuiu
1454 2431 1634 2502 securitatis
1664 2431 1805 2525 qualiter
1827 2431 1970 2504 eontinet
1992 2433 2088 2504 firme
2112 2455 2194 2528 per-

728 2647 733 2654 ,
770 2569 899 2632 monent
921 2559 1171 2655 imperpetuum
1194 2555 1313 2649 scriptu
1337 2578 1396 2650 per
1419 2579 1534 2628 manus
1557 2554 1690 2628 iohanni
1709 2556 1841 2628 euriulis
1856 2579 1915 2650 per
1928 2557 2105 2630 indictione
2120 2579 2197 2632 rne-

769 2695 895 2760 morutu
919 2695 1010 2758 sextu
1033 2684 1065 2780 †

866 2819 940 2888 Hos
962 2816 1093 2910 signum
1115 2815 1147 2909 †
1170 2837 1284 2886 munus
1308 2813 1480 2885 memorati
1504 2813 1637 2884 inhunni
1660 2813 1750 2906 quod
1774 2835 1837 2906 ego
1860 2813 1920 2908 qui
1934 2825 2132 2886 memoratos
2152 2815 2193 2885 sb

774 2963 815 3012 eo
839 2947 974 3034 rogitus
998 2963 1058 3034 pro
1082 2963 1158 3012 eum
1182 2938 1356 3032 subscripsi
1379 2936 1411 3032 †
1546 2965 1551 2972 ·

867 3067 985 3164 †ego
1007 3069 1186 3143 theodorus
1209 3067 1294 3140 tilius
1317 3069 1441 3141 domini
1465 3067 1579 3141 cesarii
1603 3076 1735 3162 rogatus
1769 3091 1789 3138 a
1813 3068 2030 3163 suprascripto
2051 3031 2192 3140 ieiunus

628 3301 638 3313 κ
772 3197 846 3272 testi
869 3198 1044 3294 subscripsi
1068 3198 1099 3292 †

869 3324 901 3420 †
923 3347 986 3420 ego
1009 3325 1180 3418 gregorius
1197 3323 1284 3398 filius
1298 3324 1423 3398 domini
1439 3322 1524 3418 petri
1539 3323 1657 3396 notuii
1673 3333 1806 3418 rogetus
1822 3347 1841 3394 u
1856 3333 2036 3398 memorato
2052 3322 2191 3394 iohanne

771 3451 845 3524 reu
869 3450 1043 3544 euterpe
1067 3449 1098 3545 †
1516 3505 1520 3514 .

869 3577 900 3672 †
926 3573 997 3672 Ego
1020 3576 1191 3672 gregorius
1214 3576 1300 3650 titius
1331 3575 1454 3650 domiui
1482 3575 1580 3670 sergii
1603 3583 1737 3670 rogetus
1765 3601 1784 3645 s
1806 3575 2025 3670 suprascripto
2048 3572 2188 3648 iobsnne

770 3707 842 3780 testi
867 3704 1040 3800 subsmipsi
1065 3705 1096 3799 †
1579 3684 1584 3697 ¹
2074 3677 2096 3758 Ἀ
