4900 6528
1423 653 1526 749 (aaa
1554 655 1570 746 )

1420 943 1564 1018 CLXVI.

651 1233 708 1280 an.
873 1205 904 1300 †
928 1206 965 1276 ln
988 1202 1113 1274 nomini
1137 1199 1260 1275 domini
1284 1198 1386 1270 nostri
1409 1195 1506 1266 lhesu
1527 1193 1647 1266 Christi
1670 1193 1723 1266 dei
1747 1193 1860 1265 eterni.
1884 1191 2058 1270 Tricesimo
2076 1209 2198 1295 quarto

637 1342 723 1405 977.
779 1353 863 1406 anno
885 1332 1083 1428 principatus
1107 1327 1230 1402 domini
1254 1323 1356 1392 nostri
1379 1319 1510 1413 paldolfi
1526 1319 1660 1415 gloriosi
1674 1320 1841 1418 principis.
1860 1330 1993 1395 elnone
2009 1345 2093 1398 anno
2108 1329 2202 1420 prin-

781 1464 905 1554 cipatus
929 1455 1052 1530 domini
1076 1449 1205 1520 landolfi
1238 1445 1308 1516 eius
1339 1443 1407 1518 filio
1439 1467 1549 1520 meuse
1572 1447 1691 1520 martio
1713 1447 1827 1543 qrrinta
1849 1448 2034 1522 indictione.
2059 1451 2202 1549 ideoque

782 1611 841 1662 nos
863 1585 1018 1655 iohannes
1040 1575 1124 1648 filius
1147 1575 1313 1671 quondam
1336 1574 1439 1670 gualti
1463 1582 1497 1648 et
1519 1573 1674 1648 iohannes
1707 1574 1864 1672 presbiter
1893 1584 1928 1648 et
1956 1599 2093 1672 sparuna
2123 1603 2203 1675 ger-

782 1711 868 1785 mani
892 1714 925 1778 et
947 1703 1006 1780 filii
1030 1705 1118 1780 idem
1141 1703 1296 1800 adelperti
1319 1703 1378 1800 qui
1401 1703 1492 1798 ginno
1515 1723 1613 1800 super
1637 1725 1757 1776 nomen
1779 1705 1947 1776 clamatur.
1972 1705 2108 1778 donatus
2132 1705 2203 1780 cle-

783 1841 868 1908 ricus
891 1839 925 1906 et
948 1831 1070 1904 calendi
1093 1830 1240 1922 germani
1254 1833 1288 1900 et
1305 1825 1363 1900 tilii
1386 1827 1479 1922 petri.
1505 1829 1566 1900 toti
1588 1825 1763 1904 habitatori
1778 1828 1871 1900 iuxta
1882 1837 2032 1902 sanctum
2046 1831 2201 1904 donatum

786 1967 826 2037 ad
850 1962 952 2036 felice.
978 1958 1061 2031 sicut
1083 1955 1177 2030 nobis
1202 1961 1314 2050 aptum
1331 1964 1365 2028 et
1381 1975 1565 2052 congruum
1587 1963 1647 2031 est.
1664 1977 1723 2052 per
1746 1955 1831 2030 hane
1845 1955 1933 2032 euim
1948 1956 2130 2030 chartulam
2144 1957 2206 2028 be-

784 2089 997 2166 nundedimus
1019 2085 1078 2158 tibi
1101 2083 1222 2158 summi
1246 2081 1305 2158 filii
1327 2083 1416 2157 idem
1448 2083 1649 2180 agelmundi.
1674 2093 1708 2158 et
1730 2083 1892 2158 habitator
1914 2097 1987 2160 sr'rm
2010 2086 2096 2160 intro
2127 2087 2210 2158 hunc

786 2221 914 2291 ciuitate
937 2237 1080 2310 capuana
1102 2213 1166 2284 hoc
1188 2220 1238 2287 est
1259 2227 1325 2284 uua
1347 2213 1435 2309 petia
1451 2213 1492 2286 de
1508 2223 1595 2288 terra
1617 2222 1727 2288 nostra
1741 2237 1809 2310 que
1832 2215 1982 2290 obrimus
1999 2215 2035 2287 in
2057 2215 2129 2288 loco
2151 2216 2211 2310 qui

788 2342 907 2414 dicitur
928 2337 1081 2412 cesarem.
1106 2344 1140 2406 et
1162 2336 1230 2428 ipsa
1254 2343 1341 2408 terra
1363 2335 1462 2410 habet
1477 2337 1550 2412 finis
1566 2339 1607 2412 ub
1625 2361 1692 2412 uuo
1707 2338 1806 2410 latere
1823 2339 1885 2412 tine
1907 2349 1993 2412 terra
2006 2341 2048 2412 de
2063 2341 2123 2412 filii
2146 2341 2211 2412 do-

788 2465 868 2537 mini
900 2459 1064 2534 sichenolfi
1093 2458 1233 2530 comitis.
1259 2465 1293 2532 et
1317 2479 1358 2534 er
1381 2462 1447 2536 alio
1471 2461 1537 2534 latu
1559 2470 1643 2533 terra
1671 2483 1744 2538 mea
1767 2461 1826 2556 qui
1849 2483 1946 2556 supra
1983 2467 2213 2557 comparaturi.

789 2601 822 2662 et
844 2584 1068 2682 persingulas
1099 2584 1199 2658 latera
1231 2584 1307 2660 abet
1339 2585 1454 2666 minda
1477 2583 1513 2662 in
1537 2584 1736 2678 longitudine
1760 2585 1843 2678 passi
1865 2587 2114 2688 qmnpraginta·
2142 2611 2210 2662 unu

790 2739 872 2811 capu
895 2715 958 2787 fine
982 2721 1067 2786 terra
1091 2713 1237 2787 maraldi.
1268 2719 1301 2786 et
1323 2733 1382 2806 per
1403 2713 1510 2807 ipsum
1532 2731 1615 2805 capu
1632 2711 1705 2786 abet
1722 2711 1839 2786 exinde
1853 2732 1911 2806 per
1927 2713 2107 2794 hebernum
2123 2719 2206 2810 passi

790 2839 907 2934 higinti
930 2847 965 2912 et
985 2847 1062 2914 tres.
1088 2848 1188 2923 etex
1211 2837 1275 2910 elio
1298 2861 1381 2934 capu
1412 2835 1477 2910 fine
1510 2845 1596 2910 terra
1627 2835 1670 2910 de
1692 2835 1754 2928 ipsi
1777 2833 1924 2916 homines
1947 2837 1987 2914 de
2011 2839 2113 2912 emula
2137 2839 2209 2914 abet

792 2969 909 3040 exinde
931 2967 1014 3060 passi
1038 2965 1153 3062 biginti
1177 2974 1210 3040 et
1232 2975 1298 3040 tres
1321 2973 1355 3046 et
1377 2964 1524 3044 medium
1542 2965 1583 3038 ad
1598 2983 1693 3058 pssso
1716 2963 1757 3036 de
1772 2985 1922 3039 mensura
1944 2963 2076 3046 leuduni
2089 2969 2207 3041 seniori

793 3093 933 3170 asath.
957 3105 1006 3168 est
1027 3102 1258 3173 mensuratum
1281 3094 1343 3172 hec
1367 3101 1477 3166 auom
1499 3091 1585 3186 petia
1608 3092 1648 3166 de
1671 3099 1758 3170 terra
1780 3091 1919 3188 qualiter
1942 3091 1983 3166 de
2004 3093 2067 3166 fine
2089 3094 2124 3164 in
2146 3095 2209 3167 fine

792 3217 930 3290 indicata
951 3225 985 3290 et
1007 3227 1189 3292 mensurata
1211 3227 1269 3290 est
1284 3225 1333 3290 set
1347 3239 1412 3298 uua
1436 3239 1513 3290 cum
1536 3215 1678 3292 mbores.
1701 3225 1735 3288 et
1748 3238 1825 3290 cum
1849 3218 1957 3290 omnia
1980 3217 2027 3290 ihi
2042 3217 2127 3290 intro
2142 3219 2208 3290 ha-

792 3341 951 3418 beutibus.
988 3343 1099 3416 subter
1128 3343 1182 3416 rel
1213 3363 1313 3438 super
1340 3350 1474 3424 etcum
1497 3339 1551 3412 bia
1573 3364 1633 3414 sua
1656 3341 1796 3414 intrandi
1819 3349 1853 3414 et
1875 3341 2004 3414 exiendi
2025 3353 2155 3416 cunctas
2178 3354 2211 3416 et

792 3472 916 3566 integra
938 3472 1084 3568 predicta
1106 3472 1193 3570 petia
1216 3472 1257 3544 de
1280 3480 1377 3548 terra.
1401 3470 1461 3550 tibi
1484 3471 1550 3546 iam
1564 3469 1723 3544 nominati
1745 3471 1865 3542 summi
1888 3469 2070 3546 benusdedi
2098 3472 2209 3565 possi-

793 3600 943 3676 dendum.
967 3601 1052 3676 unde
1083 3598 1168 3672 inira
1195 3600 1378 3696 supradicta
1409 3598 1483 3674 finis
1510 3605 1544 3672 et
1568 3597 1741 3674 mensuris.
1767 3597 1861 3672 nohis
1883 3620 1943 3672 uec
1966 3599 2065 3670 uxori
2088 3609 2209 3674 matre.

792 3749 852 3798 nee
878 3725 1056 3800 alicuiliuet
1088 3725 1205 3800 exinde
1235 3723 1359 3804 naham
1390 3723 1629 3802 reservabimus
1652 3733 1702 3798 set
1724 3733 1855 3800 cunctas
1877 3734 1912 3798 et
1933 3725 2073 3820 integras
2094 3727 2207 3800 eadem

791 3853 934 3944 predicta
957 3852 1043 3950 petia
1068 3853 1108 3928 de
1131 3859 1217 3926 terra
1240 3847 1302 3928 tibi
1323 3849 1528 3926 beuundendi
1553 3859 1592 3930 ut
1614 3849 1738 3924 dictum
1760 3855 1865 3922 estet
1887 3848 2062 3944 prescripta
2086 3854 2207 3920 nostra

791 3978 976 4052 banditione
999 3979 1180 4074 recepimus
1205 3977 1347 4076 pretium
1369 3999 1430 4054 nos
1445 3977 1505 4076 qui
1528 3990 1626 4077 supra
1649 3975 1823 4053 benditori.
1848 3977 1889 4050 da
1907 3983 2119 4050 teemtorem
2141 3997 2206 4050 no-

794 4114 898 4180 strum
921 4105 985 4178 hoc
1008 4115 1056 4179 est
1078 4107 1151 4180 auri
1172 4105 1296 4182 soldos
1317 4127 1378 4180 sex
1400 4107 1564 4184 rizsuteos
1587 4105 1689 4180 bonos
1725 4105 1809 4184 iumr
1839 4103 1952 4178 ithitus
1975 4113 2008 4178 et
2028 4103 2206 4178 sculimtos.

793 4233 921 4306 finitum
944 4235 1204 4329 verorpretium.
1232 4257 1272 4308 ea
1294 4235 1420 4308 ratione
1444 4241 1605 4330 quatenus
1627 4232 1747 4306 amodo
1770 4239 1803 4306 et
1825 4253 1952 4328 semper
1973 4241 2011 4303 tu
2033 4233 2092 4328 qui
2114 4251 2211 4327 supra

794 4367 899 4434 emtor
921 4365 956 4432 et
976 4367 1050 4432 tuos
1082 4359 1217 4438 hoedo
1249 4359 1385 4432 firmiter
1414 4357 1559 4432 habentis
1581 4367 1614 4430 et
1636 4357 1824 4454 possideatis
1847 4361 1974 4454 integra
1998 4360 2211 4456 suprascripta

791 4491 901 4558 nostm
924 4483 1119 4558 benditione.
1144 4494 1178 4560 et
1200 4483 1417 4581 obligavimus
1440 4503 1499 4556 nos
1520 4492 1553 4557 et
1568 4491 1695 4558 noshos
1718 4483 1865 4560 heredes.
1891 4486 1952 4560 tibi
1966 4489 2025 4586 qui
2039 4511 2136 4584 supra
2151 4488 2211 4588 qui

792 4632 889 4705 supra
922 4613 1138 4708 comparaturi
1170 4621 1204 4685 ct
1227 4613 1269 4686 ad
1291 4613 1357 4687 tuis
1380 4609 1552 4686 heredibus
1575 4611 1699 4710 integra
1722 4615 1938 4712 suprascripta
1960 4627 2068 4692 nosue
2091 4619 2212 4692 bendi-

791 4739 894 4812 tione.
932 4741 1100 4814 defendere
1131 4750 1165 4812 et
1199 4747 1354 4814 antestare
1388 4761 1518 4836 semper
1540 4765 1560 4810 a
1582 4749 1672 4834 parte
1695 4741 1793 4814 uxori
1815 4753 1937 4818 nostre.
1964 4755 1997 4818 et
2020 4771 2040 4818 a
2063 4747 2207 4842 partibus

790 4864 1074 4962 langobardorum.
1099 4887 1159 4941 seu
1181 4875 1215 4939 et
1237 4891 1256 4938 a
1276 4868 1422 4962 partibus
1446 4890 1668 4941 romanorum.
1694 4877 1744 4942 set
1766 4869 1807 4942 nb
1823 4869 1894 4944 aliis
1916 4873 2067 4949 omnibus
2091 4875 2205 4950 homi·

790 4991 885 5068 nibus
909 4992 950 5066 ub
972 4993 1128 5088 omniqua
1150 4993 1305 5087 pertibus.
1332 4995 1361 5066 si
1383 5003 1492 5068 autem
1516 4995 1609 5068 uobis
1633 4995 1781 5072 eumdem
1798 4995 1982 5076 hauddum
1999 5003 2212 5078 detondi-non
