4854 6528
1360 595 1544 690 ¹(ue)

760 769 879 844 abestis
912 771 1090 861 potestate:
1125 769 1159 832 et
1189 778 1296 854 neque
1326 781 1422 832 ame
1453 761 1634 831 memorato
1665 753 1821 849 stephano
1856 754 1965 828 umidis
2000 755 2098 829 obbas
2122 784 2187 834 um

766 921 844 968 eum
867 905 961 966 eunte
984 887 1234 983 congregatione
1256 883 1502 956 monachorum.
1534 890 1721 954 nostrorum
1744 881 1917 956 memorati
1941 882 2043 954 sensti
2066 897 2100 955 et
2122 909 2186 958 ve-

761 1019 913 1094 nerabilis
944 1012 1047 1086 nostri
1075 1011 1261 1084 monasterii
1284 1031 1433 1103 nequeo
1456 1006 1574 1078 nostris
1597 1005 1734 1100 posteris
1759 1004 1812 1076 vel
1836 1018 2053 1078 ememoreto
2076 1021 2186 1084 mnae

763 1157 797 1218 et
819 1141 996 1216 venerabili
1019 1144 1131 1220 nostro
1154 1135 1350 1210 monasterio
1372 1155 1432 1204 nee
1458 1157 1477 1202 a
1499 1129 1593 1202 nobis
1615 1130 1762 1224 personis
1784 1130 1965 1204 summissis
1989 1133 2081 1204 nullo
2097 1144 2188 1210 tem.

764 1297 845 1370 pore
860 1291 1042 1366 numquam
1065 1277 1103 1337 tu
1126 1273 1325 1338 memoratus
1349 1259 1500 1332 dominus
1526 1257 1681 1330 iobeunes
1704 1257 1896 1331 venerabilis
1919 1259 2109 1356 presbytero
2132 1277 2188 1338 aut

764 1399 900 1474 heredes
923 1395 989 1468 tuis
1012 1389 1133 1462 sbeotis
1156 1387 1274 1458 exinde
1297 1405 1507 1478 querensque
1529 1383 1758 1478 requesitions.
1783 1391 1840 1458 eut
1862 1385 2009 1460 molestie
2024 1411 2084 1484 per
2105 1391 2188 1465 nul-

546 1597 550 1606 ·
694 1539 703 1574 s
763 1525 835 1598 pum
858 1519 993 1592 modum
1016 1533 1075 1581 nec
1099 1529 1158 1601 per
1181 1504 1360 1578 summissis
1383 1507 1528 1600 personis
1548 1529 1669 1583 onunc
1684 1517 1718 1583 et
1739 1511 1775 1584 in
1790 1511 1954 1607 perpetuis
1969 1515 2183 1609 temporibus.

765 1675 828 1747 pro
850 1669 890 1718 eo
913 1638 1003 1736 quod
1017 1637 1054 1708 in
1069 1633 1226 1729 presentis
1249 1633 1432 1730 occepimus
1445 1661 1465 1706 n
1480 1645 1513 1708 te
1536 1635 1654 1712 exinde
1676 1638 1748 1712 ouri
1772 1637 1890 1712 solidos
1913 1641 2098 1737 quindecim
2119 1645 2187 1740 by.

767 1779 927 1850 thianteos
950 1765 1035 1838 sieut
1056 1764 1142 1876 inter
1163 1763 1256 1836 nobis
1279 1763 1451 1838 combenit.
1474 1765 1510 1838 Ξ
1533 1775 1644 1840 eutem
1658 1787 1718 1838 nos
1731 1767 1785 1839 vel
1799 1768 1933 1862 posteris
1954 1771 2076 1841 uostris
2097 1793 2188 1866 quo-

765 1903 815 1972 bis
837 1905 983 1989 tempore
1008 1897 1121 1960 eontra
1143 1889 1229 1958 hene
1260 1886 1408 1959 chartula
1429 1887 1625 1961 venditionis
1648 1898 1687 1962 ut
1709 1911 1807 1985 super
1830 1888 1950 1988 legitur
1972 1893 2085 1966 venire
2107 1915 2189 1986 pre-

709 2057 716 2074 ν
764 2023 974 2100 sumserimus
996 2029 1031 2091 et
1052 2017 1187 2092 minime
1211 2015 1475 2110 atinpieverimus
1490 2004 1552 2088 beo
1567 2019 1678 2094 omnia
1694 2026 1873 2092 memorate
1895 2041 1953 2113 per
1960 2067 2180 2091 ..........

766 2161 824 2226 eut
846 2147 1026 2226 summissis
1050 2143 1196 2240 personis
1210 2150 1289 2216 tune
1305 2143 1527 2238 'oonponimus
1541 2144 1602 2216 tibi
1617 2145 1747 2240 tuisque
1761 2145 1948 2220 heredibus.
1975 2145 2050 2220 auri
2072 2145 2190 2218 solidos

766 2279 933 2373 nigintam
956 2273 1159 2370 bptbianteos
1184 2281 1217 2341 et
1230 2267 1292 2339 bes
1315 2268 1462 2342 chartula
1486 2270 1681 2346 venditionis
1704 2281 1742 2344 ut
1767 2294 1864 2366 super
1886 2269 2008 2366 legitm
2031 2272 2074 2344 sit
2097 2273 2189 2344 firme

766 2409 884 2498 scupea
907 2425 965 2498 per
988 2423 1121 2473 manum
1146 2395 1244 2491 sergii
1267 2396 1435 2492 scriptoris
1457 2398 1615 2492 respuo
1638 2399 1763 2470 uomens
1784 2400 1869 2492 poe
1889 2400 2029 2472 cursans
2051 2399 2190 2471 sesses
2304 2375 2306 2380 ’

770 2539 903 2624 rogetus
925 2547 983 2620 per
999 2523 1173 2596 indictione
1197 2529 1376 2595 memorate
1399 2518 1665 2613 tertiadecime†

861 2653 978 2748 †ego
1003 2651 1144 2722 stefanus
1170 2647 1267 2720 ebbes
1291 2647 1465 2742 subscripsi
1488 2649 1519 2742 †

863 2776 894 2872 †
918 2798 981 2872 ego
1004 2773 1131 2870 sergius
1154 2772 1323 2868 presbyter
1346 2781 1380 2844 et
1402 2769 1582 2844 monachus
1605 2771 1779 2864 subscripsi
1802 2769 1833 2866 †

868 2907 901 3002 †
923 2929 985 3001 ego
1009 2902 1164 3020 iobonnes
1187 2901 1412 3022 presbyter-et
1434 2899 1614 2972 monachus
1636 2897 1810 2994 subscripsi
1827 2897 1859 2996 †
1878 3001 1987 3023 .—
2026 3002 2106 3018 .-

864 3027 1008 3124 †mr0
1031 3038 1084 3102 ro
1107 3037 1283 3102 omlosc
1316 3037 1378 3100 ΔΝ
1409 3033 1544 3100 mmm
1567 3033 1858 3142 Porinos-mn
1889 3036 1995 3099 nero
2025 3035 2192 3142 nnn-1³30

770 3161 882 3230 noro
904 3159 1269 3226 nourrnrsmouu
1292 3159 1416 3224 rncu
1422 3195 1718 3223 .............
1739 3156 1846 3220 curo
1868 3157 2053 3220 cosmoe
2071 3156 2193 3254 Kone

771 3276 1103 3374 ΠΕΡΚΕΠιοοΕ]ι

864 3408 982 3505 †eg0
1005 3409 1176 3505 gregorius
1201 3407 1287 3480 tilius
1311 3406 1434 3480 domini
1465 3405 1550 3500 petri
1574 3415 1707 3500 rogatus
1736 3426 1756 3473 s
1783 3401 2000 3498 suprascripto
2025 3400 2139 3473 nbbats
2162 3411 2194 3475 et

772 3539 841 3614 eius
852 3540 1101 3636 oongregntione
1112 3539 1185 3612 testi
1196 3535 1369 3631 subscripsi
1383 3542 1417 3607 et
1429 3533 1662 3630 suprascriptos
1672 3531 1792 3606 sobdos
1807 3531 1969 3604 ooniessus
1982 3529 2192 3626 percepisse†
