4900 6528
1400 639 1544 737 (eas)

765 813 882 886 exinde
906 813 1010 880 lacere
1034 804 1201 877 volueritis
1225 823 1351 897 semper
1373 798 1508 871 liberam
1525 794 1668 867 habeatis
1686 799 1902 887 potestatem:
1929 793 1964 863 'et
1978 814 2122 890 nequea
2137 823 2190 874 me

764 942 943 1012 memorato
968 931 1106 1004 iohanne
1131 953 1237 1025 neque
1262 955 1281 1000 a
1305 927 1387 1002 meis
1407 923 1581 998 heredibus
1595 921 1685 996 nullo
1701 931 1849 1015 tempore
1865 941 2046 1016 numquam
2063 935 2097 995 tu
2113 947 2189 998 me.

764 1071 908 1138 moratus
933 1057 1083 1132 dominus
1108 1055 1263 1128 iohannes
1287 1052 1477 1128 venerabilis
1500 1071 1682 1147 ygumenus
1706 1053 1762 1118 aut
1786 1045 1923 1141 posteris
1947 1048 2012 1118 tuis
2035 1072 2096 1122 nee
2112 1075 2190 1125 me-

764 1198 908 1266 moratus
931 1197 1060 1260 sanetus
1082 1194 1115 1256 et
1139 1183 1331 1256 venerabilis
1354 1191 1461 1254 vester
1476 1179 1690 1250 monasterius
1704 1175 1793 1271 quod
1810 1173 1892 1244 absit
1907 1173 2048 1249 babeatis
2064 1182 2186 1254 exinde

624 1391 627 1398 .
766 1316 939 1414 aliquando
961 1333 1167 1410 quecumque
1191 1308 1437 1402 requisitionem
1460 1315 1516 1376 sut
1538 1303 1683 1376 molatio
1708 1323 1767 1397 per
1790 1300 1939 1372 nullum:
1966 1306 2099 1377 modum
2129 1323 2192 1382 nee

768 1467 825 1540 per
849 1441 1028 1518 summissis
1050 1455 1201 1530 personas
1233 1433 1276 1502 ba
1309 1453 1395 1502 uune
1419 1438 1452 1502 et
1475 1428 1686 1524 imperpetuis
1707 1427 1917 1524 temporibus.
1949 1430 2183 1506 Verumtamen

766 1573 795 1644 si
818 1571 935 1666 quovis
960 1577 1103 1654 tempore
1127 1558 1288 1630 exemerit
1310 1557 1446 1632 heredes
1471 1555 1656 1630 memoratis
1680 1555 1883 1650 genitoribm
1906 1556 1987 1630 meis
2004 1565 2035 1628 et
2052 1549 2110 1630 ros
2134 1569 2191 1632 ant

768 1695 902 1794 posteris
926 1688 1039 1762 vestris
1063 1685 1182 1758 exinde
1204 1687 1380 1782 quesierint
1404 1697 1482 1758 tunc
1505 1686 1668 1759 licentium
1692 1691 1725 1758 et
1747 1692 1936 1780 potestatem
1954 1685 2098 1760 babeatis
2125 1711 2190 1784 ap·

769 1815 945 1910 preendere
968 1831 1079 1881 omnes
1103 1809 1244 1903 pretium
1268 1819 1427 1904 qunmnm
1444 1833 1506 1906 pro
1518 1811 1626 1884 anime
1648 1833 1721 1884 mea
1746 1811 1794 1884 ire
1811 1809 1906 1882 debet
1920 1833 1979 1906 per
1994 1813 2185 1908 dispositum

773 1937 958 2014 memoratis
981 1935 1143 2032 iugalibus
1167 1935 1368 2030 genitoribus
1392 1937 1473 2010 meis
1496 1947 1529 2012 et
1554 1937 1588 2010 iu
1612 1947 1717 2012 vestre
1740 1939 1949 2034 posterisque.
1982 1941 2097 2012 vestris
2120 1943 2185 2012 sint

767 2077 955 2166 potestatem
978 2087 1108 2164 queque
1141 2063 1258 2139 exinde
1281 2067 1387 2138 lauere
1410 2065 1590 2139 volueritis.
1615 2075 1649 2138 et
1673 2091 1691 2137 a
1715 2076 1793 2140 tune
1816 2067 1944 2141 nemine
1967 2093 1986 2138 a
2010 2093 2064 2144 me
2088 2091 2147 2142 nee
2171 2045 2190 2141 a

769 2195 885 2292 quavis
911 2193 989 2265 alias
1016 2209 1168 2285 persuum
1190 2187 1335 2264 habeatu
1357 2189 1476 2262 exinde
1499 2212 1707 2288 qnaenmqne
1730 2193 1973 2288 requisitionem
1991 2215 2050 2288 per
2066 2192 2191 2266 nullum

773 2319 909 2394 modum
934 2337 994 2389 nee
1007 2337 1066 2410 per
1082 2311 1260 2388 summissis
1283 2333 1435 2408 personas
1460 2315 1669 2413 imper-petuis
1691 2315 1900 2410 temporibus.
1926 2317 2011 2402 Quia
2040 2317 2191 2394 itamihi

776 2441 980 2534 complacui:
1015 2437 1050 2508 Si
1081 2445 1189 2508 autem
1220 2457 1283 2532 ego
1316 2447 1374 2510 aut
1396 2437 1531 2510 heredes
1554 2440 1636 2512 meis
1658 2439 1776 2533 quovis
1800 2449 1944 2533 tempore
1967 2449 2078 2510 eontra
2103 2442 2192 2512 hane

774 2563 955 2638 chartulam
977 2561 1202 2656 promissionis
1225 2561 1474 2674 effeqtioanue.
1495 2571 1532 2631 ut
1546 2582 1644 2655 super
1658 2559 1778 2655 legitur
1792 2560 1903 2632 venire
1919 2564 2191 2656 presumserimus
2340 2553 2342 2558 ’

773 2703 808 2766 et
831 2691 963 2764 minime
987 2687 1271 2784 adimpleverimus
1293 2687 1355 2761 hee
1376 2687 1486 2760 omnia
1510 2697 1687 2762 memorata
1712 2697 1746 2759 et
1769 2687 1803 2760 in
1828 2687 1949 2782 aliquid
1971 2687 2086 2760 odensi
2110 2691 2194 2761 lue·

774 2821 877 2894 rimus
900 2839 959 2916 per
982 2817 1100 2914 quouis
1123 2817 1259 2889 modum
1289 2825 1347 2890 aut
1376 2815 1555 2889 summissis
1577 2835 1742 2910 personas
1778 2824 1855 2888 tunc
1884 2815 2115 2910 componimus
2134 2819 2193 2890 tihi

774 2947 984 3043 posterisque.
1009 2944 1168 3017 missuri
1191 2944 1311 3018 solidos
1333 2944 1451 3040 viginti
1475 2943 1704 3040 bythinnteos:
1740 2953 1773 3016 et
1796 2945 1856 3018 hee
1882 2943 2028 3018 chartule
2053 2948 2192 3043 qualiter

774 3073 917 3148 eontinet
940 3073 1033 3146 firma
1056 3081 1241 3167 permaneat
1264 3071 1514 3169 imperpetuum.
1540 3072 1656 3166 scripta
1683 3093 1742 3168 per
1765 3093 1881 3146 manus
1903 3072 2034 3145 iobnnui
2060 3075 2192 3146 curialis

776 3202 915 3276 seribere
937 3199 1052 3295 rogavi
1075 3221 1134 3295 per
1157 3199 1332 3274 indictione
1354 3207 1533 3274 memoratu
1556 3199 1649 3272 tertia
1674 3197 1706 3294 †

871 3327 944 3400 lloe
966 3328 1095 3422 siguum
1118 3322 1151 3420 †
1173 3347 1289 3399 manns
1312 3325 1483 3400 memorati
1506 3313 1639 3400 iulianui
1662 3327 1750 3422 quod
1775 3349 1837 3422 ego
1860 3328 1919 3423 qui
1942 3341 2138 3402 memoratos
2158 3325 2198 3402 ab

776 3481 817 3530 eo
839 3453 964 3551 rogitus
987 3477 1047 3549 pro
1071 3477 1148 3528 eum
1171 3454 1343 3549 subscripsi
1369 3454 1401 3548 †

869 3575 1013 3682 †n'r0
1042 3589 1328 3657 Aruernorum
1368 3589 1541 3657 omnm
1579 3560 1641 3658 die
1674 3555 1732 3656 'fe
1770 3591 1996 3659 nnrsroro
2034 3594 2063 3658 A
2095 3563 2201 3657 cero

775 3687 829 3786 r‘s's
864 3721 989 3788 ruem
1017 3687 1187 3806 ῐόῐῑη

869 3835 900 3930 †
923 3857 985 3931 ego
1009 3835 1178 3930 gregorius
1202 3833 1287 3908 lilius
1319 3833 1443 3906 domiui
1476 3833 1594 3906 marini
1619 3841 1751 3929 rogatus
1774 3859 1794 3904 a
1816 3835 2033 3930 suprascripto
2056 3833 2196 3908 iohanne

781 3959 853 4032 testi
876 3959 1048 4054 subscripsi
1070 3957 1103 4052 †

872 4082 989 4180 †ego
1013 4085 1182 4177 gregorius
1204 4080 1303 4178 :filus
1334 4083 1460 4156 domiui
1496 4083 1593 4178 sergii
1626 4083 1753 4156 monaci
1785 4093 1916 4178 rugettus
1940 4109 1959 4156 a
1982 4087 2199 4180 suprascripto

779 4207 917 4281 iohanne
941 4204 1014 4280 testi
1037 4204 1211 4301 subscripsi
1233 4207 1264 4304 †

875 4332 906 4429 †
929 4333 998 4432 Ego
1021 4333 1176 4409 iohannes
1198 4335 1335 4412 curialis
1359 4331 1525 4428 Complevi
1549 4345 1582 4404 et
1604 4333 1726 4406 absolvi
1750 4357 1808 4429 per
1830 4337 2005 4412 indictione
2028 4351 2202 4411 memorata

780 4462 928 4560 tertiaq-
