<?xml version="1.0" encoding="UTF-8"?>
<!DOCTYPE html PUBLIC "-//W3C//DTD XHTML 1.0 Transitional//EN"
    "http://www.w3.org/TR/xhtml1/DTD/xhtml1-transitional.dtd">
<html xmlns="http://www.w3.org/1999/xhtml" xml:lang="en" lang="en">
 <head>
  <title>
</title>
<meta http-equiv="Content-Type" content="text/html;charset=utf-8" />
  <meta name='ocr-system' content='tesseract 3.04.00' />
  <meta name='ocr-capabilities' content='ocr_page ocr_carea ocr_par ocr_line ocrx_word'/>
</head>
<body>
  <div class='ocr_page' id='page_1' title='image "./monumentaeditaa02napogoog_0273.png"; bbox 0 0 4900 6528; ppageno 0'>
   <div class='ocr_carea' id='block_1_1' title="bbox 1398 637 1544 735">
    <p class='ocr_par' dir='ltr' id='par_1_1' title="bbox 1398 637 1544 735">
     <span class='ocr_line' id='line_1_1' title="bbox 1398 637 1544 735; baseline -0.068 -20"><span class='ocrx_word' id='word_1_1' title='bbox 1398 637 1544 735; x_wconf 80' lang='lat' dir='ltr'><strong>(sse)</strong></span> 
     </span>
    </p>
   </div>
   <div class='ocr_carea' id='block_1_2' title="bbox 749 783 2200 1175">
    <p class='ocr_par' dir='ltr' id='par_1_2' title="bbox 749 783 2200 1175">
     <span class='ocr_line' id='line_1_2' title="bbox 749 783 2183 924; baseline -0.026 -29"><span class='ocrx_word' id='word_1_2' title='bbox 749 851 810 924; x_wconf 73' lang='lat' dir='ltr'><strong>pro</strong></span> <span class='ocrx_word' id='word_1_3' title='bbox 833 845 874 899; x_wconf 84' lang='lat' dir='ltr'><strong>eo</strong></span> <span class='ocrx_word' id='word_1_4' title='bbox 900 815 990 916; x_wconf 85' lang='lat' dir='ltr'><strong>quod</strong></span> <span class='ocrx_word' id='word_1_5' title='bbox 1014 809 1124 907; x_wconf 76' lang='lat' dir='ltr'><strong>cerepi</strong></span> <span class='ocrx_word' id='word_1_6' title='bbox 1158 835 1177 882; x_wconf 80' lang='lat' dir='ltr'><strong>s</strong></span> <span class='ocrx_word' id='word_1_7' title='bbox 1209 802 1303 878; x_wconf 82' lang='lat' dir='ltr'><strong>vobis</strong></span> <span class='ocrx_word' id='word_1_8' title='bbox 1333 797 1450 875; x_wconf 81' lang='lat' dir='ltr'><strong>exinde</strong></span> <span class='ocrx_word' id='word_1_9' title='bbox 1480 795 1515 867; x_wconf 88' lang='lat' dir='ltr'><strong>in</strong></span> <span class='ocrx_word' id='word_1_10' title='bbox 1539 786 1696 888; x_wconf 75' lang='lat' dir='ltr'><strong>presentis</strong></span> <span class='ocrx_word' id='word_1_11' title='bbox 1718 787 1754 860; x_wconf 92' lang='lat' dir='ltr'><strong>iu</strong></span> <span class='ocrx_word' id='word_1_12' title='bbox 1778 801 1909 858; x_wconf 85' lang='lat' dir='ltr'><strong>omnem</strong></span> <span class='ocrx_word' id='word_1_13' title='bbox 1934 783 2100 860; x_wconf 77' lang='lat' dir='ltr'><strong>decisione</strong></span> <span class='ocrx_word' id='word_1_14' title='bbox 2124 809 2183 863; x_wconf 89' lang='lat' dir='ltr'><strong>seu</strong></span> 
     </span>
     <span class='ocr_line' id='line_1_3' title="bbox 753 909 2200 1027; baseline -0.034 0"><span class='ocrx_word' id='word_1_15' title='bbox 753 945 1002 1027; x_wconf 81' lang='lat' dir='ltr'><strong>deliberatione:</strong></span> <span class='ocrx_word' id='word_1_16' title='bbox 1027 940 1113 1012; x_wconf 84' lang='lat' dir='ltr'><strong>idest</strong></span> <span class='ocrx_word' id='word_1_17' title='bbox 1136 935 1207 1007; x_wconf 86' lang='lat' dir='ltr'><strong>curi</strong></span> <span class='ocrx_word' id='word_1_18' title='bbox 1232 931 1295 1004; x_wconf 80' lang='lat' dir='ltr'><strong>cui</strong></span> <span class='ocrx_word' id='word_1_19' title='bbox 1317 927 1408 1002; x_wconf 86' lang='lat' dir='ltr'><strong>decc.</strong></span> <span class='ocrx_word' id='word_1_20' title='bbox 1434 921 1526 994; x_wconf 78' lang='lat' dir='ltr'><strong>Sicut</strong></span> <span class='ocrx_word' id='word_1_21' title='bbox 1548 920 1633 992; x_wconf 81' lang='lat' dir='ltr'><strong>inser</strong></span> <span class='ocrx_word' id='word_1_22' title='bbox 1649 912 1743 986; x_wconf 86' lang='lat' dir='ltr'><strong>uubis</strong></span> <span class='ocrx_word' id='word_1_23' title='bbox 1761 909 1943 984; x_wconf 80' lang='lat' dir='ltr'><strong>cumbeuii:</strong></span> <span class='ocrx_word' id='word_1_24' title='bbox 1969 915 2060 1007; x_wconf 85' lang='lat' dir='ltr'><strong>quod</strong></span> <span class='ocrx_word' id='word_1_25' title='bbox 2076 916 2104 988; x_wconf 92' lang='lat' dir='ltr'><strong>si</strong></span> <span class='ocrx_word' id='word_1_26' title='bbox 2120 917 2200 990; x_wconf 76' lang='lat' dir='ltr'><strong>ali.</strong></span> 
     </span>
     <span class='ocr_line' id='line_1_4' title="bbox 755 1037 2185 1175; baseline -0.029 -21"><span class='ocrx_word' id='word_1_27' title='bbox 755 1091 805 1154; x_wconf 84' lang='lat' dir='ltr'><strong>ter</strong></span> <span class='ocrx_word' id='word_1_28' title='bbox 836 1073 1023 1175; x_wconf 82' lang='lat' dir='ltr'><strong>probenerit</strong></span> <span class='ocrx_word' id='word_1_29' title='bbox 1055 1069 1097 1140; x_wconf 88' lang='lat' dir='ltr'><strong>de</strong></span> <span class='ocrx_word' id='word_1_30' title='bbox 1127 1065 1179 1136; x_wconf 91' lang='lat' dir='ltr'><strong>bis</strong></span> <span class='ocrx_word' id='word_1_31' title='bbox 1201 1059 1352 1134; x_wconf 85' lang='lat' dir='ltr'><strong>omuibus</strong></span> <span class='ocrx_word' id='word_1_32' title='bbox 1383 1049 1569 1128; x_wconf 76' lang='lat' dir='ltr'><strong>memoraris</strong></span> <span class='ocrx_word' id='word_1_33' title='bbox 1596 1057 1629 1121; x_wconf 80' lang='lat' dir='ltr'><strong>et</strong></span> <span class='ocrx_word' id='word_1_34' title='bbox 1662 1046 1697 1117; x_wconf 87' lang='lat' dir='ltr'><strong>iu</strong></span> <span class='ocrx_word' id='word_1_35' title='bbox 1720 1037 1846 1138; x_wconf 76' lang='lat' dir='ltr'><strong>siquid</strong></span> <span class='ocrx_word' id='word_1_36' title='bbox 1869 1039 2101 1115; x_wconf 77' lang='lat' dir='ltr'><strong>offenderimus</strong></span> <span class='ocrx_word' id='word_1_37' title='bbox 2125 1067 2185 1138; x_wconf 87' lang='lat' dir='ltr'><strong>per</strong></span> 
     </span>
    </p>
   </div>
   <div class='ocr_carea' id='block_1_3' title="bbox 756 1165 2184 1419">
    <p class='ocr_par' dir='ltr' id='par_1_3' title="bbox 756 1165 2184 1419">
     <span class='ocr_line' id='line_1_5' title="bbox 756 1165 2184 1305; baseline -0.038 -24"><span class='ocrx_word' id='word_1_38' title='bbox 756 1205 873 1305; x_wconf 83' lang='lat' dir='ltr'><strong>quobis</strong></span> <span class='ocrx_word' id='word_1_39' title='bbox 896 1201 1031 1274; x_wconf 87' lang='lat' dir='ltr'><strong>medum</strong></span> <span class='ocrx_word' id='word_1_40' title='bbox 1062 1200 1120 1266; x_wconf 82' lang='lat' dir='ltr'><strong>sut</strong></span> <span class='ocrx_word' id='word_1_41' title='bbox 1149 1185 1328 1262; x_wconf 76' lang='lat' dir='ltr'>summissis</span> <span class='ocrx_word' id='word_1_42' title='bbox 1359 1175 1505 1276; x_wconf 85' lang='lat' dir='ltr'><strong>personis</strong></span> <span class='ocrx_word' id='word_1_43' title='bbox 1533 1181 1611 1244; x_wconf 80' lang='lat' dir='ltr'><strong>tuuc</strong></span> <span class='ocrx_word' id='word_1_44' title='bbox 1634 1189 1796 1262; x_wconf 85' lang='lat' dir='ltr'><strong>compono</strong></span> <span class='ocrx_word' id='word_1_45' title='bbox 1820 1185 1883 1257; x_wconf 80' lang='lat' dir='ltr'><strong>ego</strong></span> <span class='ocrx_word' id='word_1_46' title='bbox 1905 1173 1937 1236; x_wconf 86' lang='lat' dir='ltr'><strong>et</strong></span> <span class='ocrx_word' id='word_1_47' title='bbox 1959 1165 2093 1242; x_wconf 76' lang='lat' dir='ltr'><strong>heredes</strong></span> <span class='ocrx_word' id='word_1_48' title='bbox 2116 1169 2184 1242; x_wconf 67' lang='lat' dir='ltr'><strong>mei</strong></span> 
     </span>
     <span class='ocr_line' id='line_1_6' title="bbox 757 1289 2184 1419; baseline -0.041 -11"><span class='ocrx_word' id='word_1_49' title='bbox 757 1335 849 1410; x_wconf 83' lang='lat' dir='ltr'><strong>vobis</strong></span> <span class='ocrx_word' id='word_1_50' title='bbox 873 1325 1051 1419; x_wconf 84' lang='lat' dir='ltr'><strong>vestrisque</strong></span> <span class='ocrx_word' id='word_1_51' title='bbox 1073 1315 1247 1390; x_wconf 85' lang='lat' dir='ltr'><strong>heredibus</strong></span> <span class='ocrx_word' id='word_1_52' title='bbox 1269 1307 1342 1379; x_wconf 79' lang='lat' dir='ltr'><strong>euri</strong></span> <span class='ocrx_word' id='word_1_53' title='bbox 1365 1301 1485 1373; x_wconf 87' lang='lat' dir='ltr'><strong>solidus</strong></span> <span class='ocrx_word' id='word_1_54' title='bbox 1507 1317 1565 1369; x_wconf 82' lang='lat' dir='ltr'><strong>sex</strong></span> <span class='ocrx_word' id='word_1_55' title='bbox 1579 1293 1784 1390; x_wconf 78' lang='lat' dir='ltr'><strong>byrhienseos</strong></span> <span class='ocrx_word' id='word_1_56' title='bbox 1802 1300 1836 1362; x_wconf 86' lang='lat' dir='ltr'><strong>et</strong></span> <span class='ocrx_word' id='word_1_57' title='bbox 1852 1289 1913 1362; x_wconf 90' lang='lat' dir='ltr'><strong>hec</strong></span> <span class='ocrx_word' id='word_1_58' title='bbox 1929 1290 2073 1363; x_wconf 73' lang='lat' dir='ltr'><strong>chartule</strong></span> <span class='ocrx_word' id='word_1_59' title='bbox 2094 1317 2184 1368; x_wconf 77' lang='lat' dir='ltr'><strong>ven.</strong></span> 
     </span>
    </p>
   </div>
   <div class='ocr_carea' id='block_1_4' title="bbox 760 1412 2195 2688">
    <p class='ocr_par' dir='ltr' id='par_1_4' title="bbox 760 1412 2184 1661">
     <span class='ocr_line' id='line_1_7' title="bbox 760 1412 2184 1540; baseline -0.043 -5"><span class='ocrx_word' id='word_1_60' title='bbox 760 1455 894 1532; x_wconf 77' lang='lat' dir='ltr'><strong>ditionis</strong></span> <span class='ocrx_word' id='word_1_61' title='bbox 916 1463 955 1526; x_wconf 90' lang='lat' dir='ltr'><strong>ut</strong></span> <span class='ocrx_word' id='word_1_62' title='bbox 976 1465 1072 1540; x_wconf 85' lang='lat' dir='ltr'><strong>super</strong></span> <span class='ocrx_word' id='word_1_63' title='bbox 1095 1439 1215 1531; x_wconf 77' lang='lat' dir='ltr'><strong>legitur</strong></span> <span class='ocrx_word' id='word_1_64' title='bbox 1238 1431 1280 1503; x_wconf 89' lang='lat' dir='ltr'><strong>sit</strong></span> <span class='ocrx_word' id='word_1_65' title='bbox 1302 1426 1412 1499; x_wconf 76' lang='lat' dir='ltr'><strong>uma:</strong></span> <span class='ocrx_word' id='word_1_66' title='bbox 1436 1421 1554 1515; x_wconf 82' lang='lat' dir='ltr'><strong>scriptu</strong></span> <span class='ocrx_word' id='word_1_67' title='bbox 1576 1441 1635 1513; x_wconf 84' lang='lat' dir='ltr'><strong>pet</strong></span> <span class='ocrx_word' id='word_1_68' title='bbox 1661 1435 1776 1488; x_wconf 79' lang='lat' dir='ltr'><strong>marrus</strong></span> <span class='ocrx_word' id='word_1_69' title='bbox 1799 1414 1882 1510; x_wconf 88' lang='lat' dir='ltr'><strong>petri</strong></span> <span class='ocrx_word' id='word_1_70' title='bbox 1898 1412 2029 1486; x_wconf 83' lang='lat' dir='ltr'><strong>curialis</strong></span> <span class='ocrx_word' id='word_1_71' title='bbox 2044 1436 2103 1508; x_wconf 86' lang='lat' dir='ltr'><strong>per</strong></span> <span class='ocrx_word' id='word_1_72' title='bbox 2126 1418 2184 1488; x_wconf 80' lang='lat' dir='ltr'><strong>in..</strong></span> 
     </span>
     <span class='ocr_line' id='line_1_8' title="bbox 763 1557 1272 1661; baseline -0.073 1"><span class='ocrx_word' id='word_1_73' title='bbox 763 1588 903 1661; x_wconf 74' lang='lat' dir='ltr'><strong>dictione</strong></span> <span class='ocrx_word' id='word_1_74' title='bbox 925 1575 1101 1650; x_wconf 79' lang='lat' dir='ltr'><strong>memorata</strong></span> <span class='ocrx_word' id='word_1_75' title='bbox 1123 1560 1218 1632; x_wconf 81' lang='lat' dir='ltr'><strong>tertis</strong></span> <span class='ocrx_word' id='word_1_76' title='bbox 1241 1557 1272 1653; x_wconf 97' lang='lat'><em>†</em></span> 
     </span>
    </p>

    <p class='ocr_par' dir='ltr' id='par_1_5' title="bbox 766 1674 2186 1931">
     <span class='ocr_line' id='line_1_9' title="bbox 859 1674 2186 1792; baseline -0.038 -14"><span class='ocrx_word' id='word_1_77' title='bbox 859 1711 922 1778; x_wconf 87' lang='lat' dir='ltr'><strong>hoc</strong></span> <span class='ocrx_word' id='word_1_78' title='bbox 944 1702 1073 1792; x_wconf 82' lang='lat' dir='ltr'><strong>siguum</strong></span> <span class='ocrx_word' id='word_1_79' title='bbox 1096 1691 1127 1787; x_wconf 94' lang='lat'>†</span> <span class='ocrx_word' id='word_1_80' title='bbox 1150 1707 1264 1761; x_wconf 83' lang='lat' dir='ltr'><strong>munus</strong></span> <span class='ocrx_word' id='word_1_81' title='bbox 1287 1683 1456 1758; x_wconf 76' lang='lat' dir='ltr'><strong>memorari</strong></span> <span class='ocrx_word' id='word_1_82' title='bbox 1480 1681 1564 1776; x_wconf 82' lang='lat' dir='ltr'><strong>petri</strong></span> <span class='ocrx_word' id='word_1_83' title='bbox 1587 1679 1677 1774; x_wconf 85' lang='lat' dir='ltr'><strong>quod</strong></span> <span class='ocrx_word' id='word_1_84' title='bbox 1691 1699 1753 1771; x_wconf 80' lang='lat' dir='ltr'><strong>ego</strong></span> <span class='ocrx_word' id='word_1_85' title='bbox 1767 1677 1826 1772; x_wconf 86' lang='lat' dir='ltr'><strong>qui</strong></span> <span class='ocrx_word' id='word_1_86' title='bbox 1843 1683 2038 1748; x_wconf 72' lang='lat' dir='ltr'><strong>memoratos</strong></span> <span class='ocrx_word' id='word_1_87' title='bbox 2054 1674 2097 1746; x_wconf 62' lang='lat' dir='ltr'><strong>ab</strong></span> <span class='ocrx_word' id='word_1_88' title='bbox 2110 1695 2186 1746; x_wconf 63' lang='lat' dir='ltr'><strong>sum</strong></span> 
     </span>
     <span class='ocr_line' id='line_1_10' title="bbox 766 1803 2034 1931; baseline -0.039 -21"><span class='ocrx_word' id='word_1_89' title='bbox 766 1840 897 1931; x_wconf 76' lang='lat' dir='ltr'><strong>rogatus</strong></span> <span class='ocrx_word' id='word_1_90' title='bbox 919 1848 981 1923; x_wconf 86' lang='lat' dir='ltr'><strong>pro</strong></span> <span class='ocrx_word' id='word_1_91' title='bbox 1003 1842 1062 1896; x_wconf 89' lang='lat' dir='ltr'><strong>eus</strong></span> <span class='ocrx_word' id='word_1_92' title='bbox 1084 1813 1257 1908; x_wconf 73' lang='lat' dir='ltr'><strong>subscripsi</strong></span> <span class='ocrx_word' id='word_1_93' title='bbox 1280 1820 1313 1883; x_wconf 80' lang='lat' dir='ltr'><strong>ci</strong></span> <span class='ocrx_word' id='word_1_94' title='bbox 1335 1806 1508 1880; x_wconf 77' lang='lat' dir='ltr'><strong>memorati</strong></span> <span class='ocrx_word' id='word_1_95' title='bbox 1532 1804 1594 1878; x_wconf 80' lang='lat' dir='ltr'><strong>leri</strong></span> <span class='ocrx_word' id='word_1_96' title='bbox 1617 1804 1780 1874; x_wconf 76' lang='lat' dir='ltr'><strong>confess</strong></span> <span class='ocrx_word' id='word_1_97' title='bbox 1803 1803 1979 1896; x_wconf 68' lang='lat' dir='ltr'><strong>percepisse</strong></span> <span class='ocrx_word' id='word_1_98' title='bbox 2003 1803 2034 1895; x_wconf 89' lang='lat'>†</span> 
     </span>
    </p>

    <p class='ocr_par' dir='ltr' id='par_1_6' title="bbox 768 1930 2186 2181">
     <span class='ocr_line' id='line_1_11' title="bbox 860 1930 2186 2055; baseline -0.032 -25"><span class='ocrx_word' id='word_1_99' title='bbox 860 1957 893 2055; x_wconf 93' lang='lat'>†</span> <span class='ocrx_word' id='word_1_100' title='bbox 916 1977 978 2052; x_wconf 82' lang='lat' dir='ltr'><strong>ego</strong></span> <span class='ocrx_word' id='word_1_101' title='bbox 1001 1950 1154 2024; x_wconf 79' lang='lat' dir='ltr'><strong>iohannes</strong></span> <span class='ocrx_word' id='word_1_102' title='bbox 1178 1939 1265 2012; x_wconf 87' lang='lat' dir='ltr'><strong>filius</strong></span> <span class='ocrx_word' id='word_1_103' title='bbox 1286 1936 1411 2010; x_wconf 86' lang='lat' dir='ltr'><strong>domiui</strong></span> <span class='ocrx_word' id='word_1_104' title='bbox 1433 1935 1549 2008; x_wconf 79' lang='lat' dir='ltr'><strong>sicirui</strong></span> <span class='ocrx_word' id='word_1_105' title='bbox 1571 1943 1702 2029; x_wconf 75' lang='lat' dir='ltr'><strong>rogetus</strong></span> <span class='ocrx_word' id='word_1_106' title='bbox 1727 1957 1746 2002; x_wconf 87' lang='lat' dir='ltr'>a</span> <span class='ocrx_word' id='word_1_107' title='bbox 1767 1931 1985 2026; x_wconf 75' lang='lat' dir='ltr'><strong>suprascripte</strong></span> <span class='ocrx_word' id='word_1_108' title='bbox 2001 1937 2094 2024; x_wconf 78' lang='lat' dir='ltr'><strong>petro</strong></span> <span class='ocrx_word' id='word_1_109' title='bbox 2114 1930 2186 2000; x_wconf 67' lang='lat' dir='ltr'><strong>testi</strong></span> 
     </span>
     <span class='ocr_line' id='line_1_12' title="bbox 768 2054 1933 2181; baseline -0.038 -20"><span class='ocrx_word' id='word_1_110' title='bbox 768 2084 943 2181; x_wconf 75' lang='lat' dir='ltr'><strong>subscripsi</strong></span> <span class='ocrx_word' id='word_1_111' title='bbox 966 2089 999 2153; x_wconf 84' lang='lat' dir='ltr'><strong>et</strong></span> <span class='ocrx_word' id='word_1_112' title='bbox 1021 2066 1229 2170; x_wconf 77' lang='lat' dir='ltr'><strong>suprascripti</strong></span> <span class='ocrx_word' id='word_1_113' title='bbox 1251 2062 1313 2136; x_wconf 79' lang='lat' dir='ltr'><strong>teri</strong></span> <span class='ocrx_word' id='word_1_114' title='bbox 1336 2062 1499 2132; x_wconf 77' lang='lat' dir='ltr'><strong>coufessus</strong></span> <span class='ocrx_word' id='word_1_115' title='bbox 1522 2058 1700 2153; x_wconf 79' lang='lat' dir='ltr'><strong>percepisse</strong></span> <span class='ocrx_word' id='word_1_116' title='bbox 1723 2054 1754 2148; x_wconf 96' lang='lat'>†</span> <span class='ocrx_word' id='word_1_117' title='bbox 1930 2067 1933 2072; x_wconf 91' lang='lat'>·</span> 
     </span>
    </p>

    <p class='ocr_par' dir='ltr' id='par_1_7' title="bbox 773 2183 2195 2434">
     <span class='ocr_line' id='line_1_13' title="bbox 865 2183 2195 2308; baseline -0.036 -21"><span class='ocrx_word' id='word_1_118' title='bbox 865 2215 982 2308; x_wconf 83' lang='lat' dir='ltr'><strong>†cgu</strong></span> <span class='ocrx_word' id='word_1_119' title='bbox 1005 2204 1129 2298; x_wconf 79' lang='lat' dir='ltr'><strong>sergius</strong></span> <span class='ocrx_word' id='word_1_120' title='bbox 1152 2197 1238 2272; x_wconf 77' lang='lat' dir='ltr'><strong>filius</strong></span> <span class='ocrx_word' id='word_1_121' title='bbox 1262 2191 1387 2268; x_wconf 86' lang='lat' dir='ltr'><strong>domiui</strong></span> <span class='ocrx_word' id='word_1_122' title='bbox 1410 2187 1559 2262; x_wconf 79' lang='lat' dir='ltr'><strong>iohannis</strong></span> <span class='ocrx_word' id='word_1_123' title='bbox 1583 2194 1750 2280; x_wconf 80' lang='lat' dir='ltr'><strong>rogetuse</strong></span> <span class='ocrx_word' id='word_1_124' title='bbox 1763 2186 1978 2280; x_wconf 77' lang='lat' dir='ltr'><strong>suprascripto</strong></span> <span class='ocrx_word' id='word_1_125' title='bbox 2001 2191 2093 2278; x_wconf 66' lang='lat' dir='ltr'><strong>pepo</strong></span> <span class='ocrx_word' id='word_1_126' title='bbox 2117 2183 2195 2254; x_wconf 62' lang='lat' dir='ltr'><strong>teeti-</strong></span> 
     </span>
     <span class='ocr_line' id='line_1_14' title="bbox 773 2310 1762 2434; baseline -0.041 -14"><span class='ocrx_word' id='word_1_127' title='bbox 773 2337 946 2434; x_wconf 82' lang='lat' dir='ltr'><strong>subscripsi</strong></span> <span class='ocrx_word' id='word_1_128' title='bbox 970 2342 1003 2406; x_wconf 87' lang='lat' dir='ltr'><strong>ct</strong></span> <span class='ocrx_word' id='word_1_129' title='bbox 1025 2323 1231 2423; x_wconf 76' lang='lat' dir='ltr'><strong>suprascripsi</strong></span> <span class='ocrx_word' id='word_1_130' title='bbox 1256 2318 1320 2392; x_wconf 74' lang='lat' dir='ltr'><strong>ieri</strong></span> <span class='ocrx_word' id='word_1_131' title='bbox 1342 2316 1506 2388; x_wconf 75' lang='lat' dir='ltr'><strong>coufessus</strong></span> <span class='ocrx_word' id='word_1_132' title='bbox 1529 2313 1708 2410; x_wconf 83' lang='lat' dir='ltr'><strong>percepisse</strong></span> <span class='ocrx_word' id='word_1_133' title='bbox 1731 2310 1762 2405; x_wconf 87' lang='lat'><em>†</em></span> 
     </span>
    </p>

    <p class='ocr_par' dir='ltr' id='par_1_8' title="bbox 809 2429 2193 2558">
     <span class='ocr_line' id='line_1_15' title="bbox 809 2429 2193 2558; baseline -0.035 -21"><span class='ocrx_word' id='word_1_134' title='bbox 809 2455 822 2470; x_wconf 81' lang='grc'><strong><em>’</em></strong></span> <span class='ocrx_word' id='word_1_135' title='bbox 867 2465 899 2558; x_wconf 95' lang='lat'><strong>†</strong></span> <span class='ocrx_word' id='word_1_136' title='bbox 923 2483 985 2554; x_wconf 84' lang='lat' dir='ltr'><strong>ego</strong></span> <span class='ocrx_word' id='word_1_137' title='bbox 1007 2453 1130 2546; x_wconf 83' lang='lat' dir='ltr'><strong>sergius</strong></span> <span class='ocrx_word' id='word_1_138' title='bbox 1153 2447 1238 2520; x_wconf 84' lang='lat' dir='ltr'><strong>filius</strong></span> <span class='ocrx_word' id='word_1_139' title='bbox 1262 2443 1386 2519; x_wconf 86' lang='lat' dir='ltr'><strong>domiui</strong></span> <span class='ocrx_word' id='word_1_140' title='bbox 1408 2437 1551 2538; x_wconf 79' lang='lat' dir='ltr'><strong>gregorii</strong></span> <span class='ocrx_word' id='word_1_141' title='bbox 1573 2443 1704 2528; x_wconf 76' lang='lat' dir='ltr'><strong>rogabis</strong></span> <span class='ocrx_word' id='word_1_142' title='bbox 1728 2458 1747 2502; x_wconf 88' lang='lat' dir='ltr'><strong>c</strong></span> <span class='ocrx_word' id='word_1_143' title='bbox 1771 2434 1986 2528; x_wconf 71' lang='lat' dir='ltr'><strong>suprascripto</strong></span> <span class='ocrx_word' id='word_1_144' title='bbox 1999 2440 2093 2526; x_wconf 71' lang='lat' dir='ltr'><strong>petro</strong></span> <span class='ocrx_word' id='word_1_145' title='bbox 2117 2429 2193 2502; x_wconf 79' lang='lat' dir='ltr'><strong>testi</strong></span> 
     </span>
    </p>

    <p class='ocr_par' dir='ltr' id='par_1_9' title="bbox 776 2560 1752 2688">
     <span class='ocr_line' id='line_1_16' title="bbox 776 2560 1752 2688; baseline -0.043 -15"><span class='ocrx_word' id='word_1_146' title='bbox 776 2590 947 2688; x_wconf 85' lang='lat' dir='ltr'><strong>subscripsi</strong></span> <span class='ocrx_word' id='word_1_147' title='bbox 969 2595 1002 2660; x_wconf 86' lang='lat' dir='ltr'><strong>et</strong></span> <span class='ocrx_word' id='word_1_148' title='bbox 1023 2574 1229 2676; x_wconf 73' lang='lat' dir='ltr'><strong>suprascripti</strong></span> <span class='ocrx_word' id='word_1_149' title='bbox 1252 2573 1315 2647; x_wconf 81' lang='lat' dir='ltr'><strong>teri</strong></span> <span class='ocrx_word' id='word_1_150' title='bbox 1336 2571 1497 2646; x_wconf 84' lang='lat' dir='ltr'><strong>consessus</strong></span> <span class='ocrx_word' id='word_1_151' title='bbox 1520 2561 1697 2660; x_wconf 86' lang='lat' dir='ltr'><strong>percepisse</strong></span> <span class='ocrx_word' id='word_1_152' title='bbox 1721 2560 1752 2654; x_wconf 93' lang='lat'>†</span> 
     </span>
    </p>
   </div>
   <div class='ocr_carea' id='block_1_5' title="bbox 0 0 2480 6528">
    <p class='ocr_par' dir='ltr' id='par_1_10' title="bbox 0 0 2480 6528">
     <span class='ocr_line' id='line_1_17' title="bbox 0 0 2480 6528; baseline 0 0"><span class='ocrx_word' id='word_1_153' title='bbox 0 0 2480 6528; x_wconf 95' lang='lat' dir='ltr'><strong> </strong></span> 
     </span>
    </p>
   </div>
  </div>
 </body>
</html>
