4900 6528
938 939 1047 1060 tilii.

376 1195 465 1293 †ln
489 1201 621 1274 nominc
644 1199 769 1274 domini
792 1197 845 1273 dei
868 1197 1037 1272 salvatoris
1060 1201 1165 1275 nostri
1193 1201 1267 1276 lesu
1297 1203 1416 1279 uasti
1438 1207 1616 1303 lmperante
1638 1216 1703 1288 do·
1772 1237 1829 1286 en.

282 1328 372 1400 mino
396 1337 507 1398 nostro
529 1328 642 1398 basilio
666 1349 785 1423 magno
808 1327 1002 1420 Imperatore
1026 1351 1111 1400 anno
1134 1333 1387 1424 quartodecimo.
1418 1335 1474 1408 sed
1497 1345 1529 1409 et
1552 1349 1704 1412 constan-
1755 1348 1849 1424 974„

282 1453 352 1524 tino
375 1473 494 1547 magno
518 1451 714 1546 imperatore
736 1451 836 1524 irater
858 1449 929 1523 cius
952 1467 1037 1521 anno
1061 1453 1245 1526 undecimo.
1271 1463 1304 1526 et
1327 1455 1467 1532 iohanne
1491 1483 1609 1556 magno
1633 1462 1702 1534 im-

281 1585 429 1672 peratore
452 1575 507 1646 sed
531 1583 565 1646 et
589 1595 674 1646 anno
696 1579 824 1671 quarto.
856 1573 918 1648 Die
948 1574 1082 1668 septima
1115 1577 1233 1648 mensis
1262 1577 1345 1650 iunii
1369 1579 1541 1658 indictione
1565 1589 1702 1660 secunda

283 1702 435 1796 neapoli:
462 1701 595 1776 Cenum
620 1709 669 1776 cst
690 1723 750 1774 nos
773 1701 963 1798 gregorim
986 1695 1205 1775 celciolarium
1229 1705 1331 1776 tilium
1355 1709 1519 1801 quondam

283 1835 316 1898 et
339 1847 432 1898 muru
456 1824 519 1896 boc
543 1835 591 1898 est
614 1824 759 1920 iugales:
786 1825 972 1920 Aprescnti
989 1827 1043 1898 die
1058 1827 1276 1921 promtissima
1290 1829 1467 1904 volumtate
1484 1835 1703 1928 promittimus

282 1949 377 2022 vobis
402 1950 534 2022 domino
559 1949 691 2022 iohanni
715 1949 891 2026 venerabili
909 1950 1064 2044 igumeno
1082 1953 1269 2023 monasterii
1292 1964 1477 2028 sanctorum
1499 1957 1649 2032 theodori
1667 1971 1701 2034 et

282 2078 452 2152 sebastiani
476 2081 535 2176 qui
560 2080 737 2174 appellatur
760 2079 917 2172 casapicta
941 2077 1040 2150 situm
1059 2079 1094 2150 in
1109 2078 1277 2151 viridiario
1300 2091 1473 2179 sanctaque
1496 2095 1601 2160 vestre
1617 2111 1700 2160 eon-

280 2208 476 2302 gregationis
498 2207 746 2280 monachorum.
772 2229 813 2280 eo
836 2207 930 2300 quod
946 2229 1004 2278 vos
1018 2205 1111 2280 nobis
1134 2205 1299 2279 licentium
1322 2209 1480 2310 tribuistis
1502 2214 1622 2287 febrire
1642 2237 1704 2287 su-

280 2359 339 2428 per
363 2338 517 2428 parietem
540 2344 686 2406 vestrum
709 2335 767 2427 qui
791 2343 840 2406 est
862 2334 946 2406 inter
970 2336 1104 2408 domum
1128 2343 1235 2406 nostra
1265 2345 1355 2431 parte
1371 2338 1535 2413 horientis
1559 2351 1592 2414 et
1616 2343 1702 2416 inter

281 2461 417 2533 bortum
448 2459 619 2532 memorati
654 2461 754 2530 sancti
785 2467 818 2526 et
841 2459 1032 2530 venerabilis
1056 2461 1156 2536 vestri
1178 2463 1364 2534 monasterii
1388 2474 1478 2558 parte
1501 2465 1700 2538 hoccidentis

279 2586 343 2656 boc
367 2593 416 2655 est
438 2585 480 2655 ad
504 2603 653 2655 mensura
679 2583 715 2654 in
739 2579 908 2655 altitudine
931 2583 1028 2675 pedes
1052 2585 1135 2656 duos
1158 2589 1199 2658 ad
1221 2611 1353 2662 manum
1378 2589 1505 2662 virilem
1527 2599 1561 2662 et
1584 2593 1619 2662 in
1643 2615 1701 2663 eo-

280 2712 357 2784 dem
380 2712 536 2805 parietem
560 2733 620 2781 nos
642 2709 780 2805 lurgistis
804 2731 923 2804 ponera
948 2709 1033 2782 uude
1049 2732 1091 2781 ex
1105 2721 1196 2804 perte
1218 2714 1284 2784 iam
1306 2717 1477 2788 sternitum
1499 2693 1532 2788 et
1559 2739 1702 2810 cooper-

278 2849 352 2912 tum
376 2839 532 2912 habemus
555 2847 588 2912 et
611 2862 651 2910 ex
676 2847 767 2933 parte
791 2837 907 2910 exinde
915 2887 1138 2910 ..........
1155 2861 1229 2914 mus
1252 2852 1392 2916 sternere
1416 2854 1448 2914 ct
1471 2846 1639 2937 cooperire
1663 2855 1701 2916 ut

278 2963 377 3036 licens
400 2984 460 3034 nos
482 2961 562 3034 illud
586 2969 729 3034 sternere
751 2969 784 3032 et
807 2960 975 3056 cooperire
983 3012 1159 3036 ........
1191 2965 1345 3059 tenientip
1368 2989 1444 3037 cum
1467 2969 1573 3060 ipsum
1601 2991 1704 3060 quem

277 3099 472 3183 coopertum
496 3085 613 3158 exinde
636 3085 793 3159 hebemus
816 3095 848 3157 ct
863 3087 989 3180 grundn
1008 3089 1109 3162 tectui
1128 3111 1210 3184 que.
1226 3139 1234 3157 .
1250 3098 1299 3162 .et
1322 3079 1491 3162 fecerimus
1514 3101 1704 3162 exscotere-

274 3234 353 3286 mus
376 3219 410 3284 et
432 3211 625 3284 haberem
649 3235 668 3280 a
691 3211 771 3284 foris
794 3213 907 3286 eodem
931 3214 1088 3308 parietem
1096 3261 1415 3283 ..............
1424 3212 1515 3286 dium
1535 3215 1706 3307 peremat

276 3361 413 3414 manum
436 3339 565 3412 virilem
588 3348 623 3412 et
645 3363 682 3412 ee
705 3339 834 3411 bersare
857 3339 892 3411 in
916 3341 1032 3411 eodem
1049 3339 1183 3410 hortum
1200 3348 1343 3410 vestrum
1358 3343 1478 3433 pariter
1494 3327 1575 3412 etin
1592 3343 1702 3434 ipsum

279 3470 526 3540 sternimcntum
551 3477 699 3540 nostrum
722 3466 885 3540 licentiam
915 3465 1108 3540 haberemus
1132 3465 1395 3538 bostracumdare
1418 3477 1451 3538 et
1474 3492 1492 3536 a
1517 3489 1576 3536 vos
1599 3489 1659 3538 nec
1683 3493 1702 3536 a

281 3594 418 3688 posteris
441 3591 556 3662 uestris
580 3615 645 3664 non
667 3591 859 3664 haberemus
883 3591 999 3663 exinde
1031 3613 1091 3664 nos
1114 3601 1171 3662 aut
1194 3591 1328 3664 heredes
1351 3591 1467 3662 nostris
1491 3611 1700 3684 quacumque

285 3720 527 3815 requisitionem
551 3741 610 3812 per
632 3719 760 3790 nullum
784 3721 919 3790 modum
933 3742 993 3791 nec
1008 3742 1066 3814 per
1082 3720 1260 3790 summissis
1275 3718 1418 3813 personis
1434 3719 1697 3812 imperpetuum:

287 3845 436 3938 lDeoque
458 3864 518 3913 nos
541 3841 759 3934 promittimus
791 3840 884 3912 robis
914 3853 951 3912 ut
974 3864 1033 3912 uos
1056 3843 1102 3913 sic
1124 3842 1206 3914 illud
1238 3850 1342 3914 totum
1373 3841 1491 3916 labrire
1524 3841 1695 3914 debeamus

277 3993 385 4068 usque
408 3971 448 4042 ad
471 3978 592 4040 tectum
610 3990 687 4039 cum
710 3975 817 4062 pretas
832 3979 865 4040 et
879 3967 966 4041 calce
991 3992 1049 4042 seu
1071 3969 1304 4068 putheolanum
1319 3979 1356 4042 ut
1371 3970 1553 4043 nullatenus
1569 3992 1628 4040 nos
1643 3978 1700 4040 aut

277 4101 413 4172 heredes
436 4097 554 4169 nostris
568 4098 603 4168 in
619 4098 730 4169 eedem
753 4096 887 4167 domum
911 4108 1019 4168 nostra
1037 4123 1055 4168 a
1073 4106 1178 4191 partes
1193 4099 1390 4170 hoccidentis
1411 4109 1445 4170 et
1464 4097 1698 4192 septemtrionis

277 4224 453 4296 habeamus
477 4225 613 4294 fenestra
633 4229 693 4291 aut
716 4219 844 4292 donicia
869 4219 921 4291 vel
945 4219 1088 4314 qualibet
1103 4223 1247 4294 toramen
1263 4245 1321 4316 per
1349 4221 1475 4294 nullum
1491 4223 1624 4294 modum
1641 4245 1700 4294 nec

276 4354 312 4424 in
335 4352 436 4423 altum
459 4350 548 4422 nullo
573 4349 671 4421 modo
677 4397 951 4420 ............
960 4348 1073 4420 damus
1096 4371 1155 4422 nos
1180 4357 1236 4421 aut
1258 4347 1392 4421 heredes
1423 4351 1539 4420 nostris
1562 4351 1634 4444 plus
1658 4351 1699 4422 de

276 4490 455 4552 memorata
478 4499 628 4550 mensura
652 4497 711 4546 nec
734 4473 803 4566 ipsa
809 4519 986 4543 ........
995 4497 1014 4542 a
1036 4475 1115 4544 loris
1138 4475 1252 4545 eodem
1276 4482 1418 4543 vestrum
1451 4473 1606 4564 parietem
1633 4495 1699 4544 non

276 4613 456 4674 metamus
479 4601 550 4692 plus
574 4601 614 4670 de
637 4607 851 4670 memoratum
874 4597 959 4667 medi
967 4645 1095 4670 ......
1103 4598 1218 4690 pedem
1242 4596 1282 4666 ad
1305 4619 1438 4668 manum
1461 4597 1598 4669 virilem.
1614 4598 1700 4682 Quis

276 4727 323 4797 ita
347 4723 440 4796 nobis
465 4722 667 4817 complacui:
693 4718 731 4791 Si
754 4729 863 4792 autem
878 4741 936 4790 nos
953 4728 1008 4793 aut
1023 4721 1156 4792 heredes
1170 4719 1287 4790 nostris
1311 4723 1427 4816 quovis
1450 4732 1596 4817 tempore
1616 4746 1700 4794 con-

275 4867 328 4928 tra
351 4856 434 4928 hane
458 4851 637 4925 chartulam
659 4849 880 4944 promissionis
903 4857 940 4919 ut
963 4869 1060 4942 super
1083 4847 1203 4942 legitur
1227 4848 1338 4920 venire
1375 4851 1643 4943 presumserimus
1668 4863 1701 4922 et

277 4985 314 5054 in
336 4979 459 5073 aliquid
482 4976 595 5050 offensi
618 4974 774 5048 mermes
797 4995 855 5066 per
878 4971 994 5068 quovis
1019 4973 1152 5044 modum
1174 4985 1229 5044 aut
1253 4974 1430 5045 summissis
1453 4977 1606 5069 personis.
1624 4987 1699 5047 tunc

379 5107 445 5177 Vol.
470 5107 517 5176 11.
1306 5113 1349 5172 30
