4854 6528
890 655 903 754 (
931 665 991 727 rat
1021 658 1033 754 )

240 817 404 912 qnondam
430 813 552 884 domini
576 813 664 884 urai:
691 811 903 906 germaniani
919 809 984 884 ehii
1000 813 1069 884 tui:
1095 837 1137 886 ex
1152 815 1221 909 ipse
1236 817 1380 892 chartule
1405 795 1605 898 continente:
1632 837 1665 902 et

241 945 320 1016 dum
342 940 481 1012 multum
504 939 645 1032 litigium
669 939 805 1011 exinde:
841 937 989 1011 abuimus
1013 948 1046 1012 et
1069 941 1137 1034 ipse
1160 939 1251 1012 ludes
1275 945 1332 1037 qui
1356 945 1440 1018 inter
1463 973 1522 1022 nos
1547 954 1663 1026 exinde

241 1066 448 1138 iudicandum
480 1063 685 1136 diressimus:
721 1062 788 1158 ipse
820 1061 997 1134 chartules:
1030 1063 1174 1158 relegere
1203 1063 1362 1140 audisset:
1398 1072 1550 1146 iudicabit
1577 1079 1662 1151 inter

243 1193 335 1268 nohis
358 1203 394 1266 ut
417 1191 444 1263 si
467 1191 629 1287 potuerit:
668 1213 742 1288 pars
773 1215 846 1264 mea
876 1202 1053 1264 memorata
1086 1215 1214 1286 gemma
1249 1193 1309 1264 tivi
1333 1209 1509 1268 memorata
1533 1204 1663 1276 domina

243 1319 330 1415 pitxu
354 1303 592 1390 hostensiouem
616 1319 740 1390 lacere:
765 1325 803 1388 ut
826 1315 956 1411 quaudo
979 1327 1157 1388 memorata
1181 1317 1311 1391 domina
1335 1321 1579 1394 theodonanda:
1613 1329 1663 1398 di·

242 1447 337 1518 vnit:
364 1469 440 1517 cum
464 1451 642 1516 memorato
665 1439 799 1515 domino
822 1463 908 1512 urso.
933 1441 1002 1534 ipsa
1019 1440 1104 1536 petia
1120 1440 1160 1512 de
1175 1453 1389 1516 memoratum
1415 1447 1552 1518 landum
1574 1471 1665 1542 qaa-

240 1569 315 1641 liter
337 1578 531 1642 memoratus
554 1567 753 1640 coherentias
767 1564 977 1640 circundant:
1004 1566 1072 1662 ipsa
1088 1564 1219 1639 domina
1235 1567 1478 1641 theodonanda:
1507 1575 1663 1667 tetigisset

241 1705 279 1766 tu
302 1717 422 1790 ponere
445 1693 527 1764 mihi
550 1693 683 1764 exinde:
718 1691 943 1766 securitatem:
973 1691 1023 1764 ain
1047 1699 1156 1764 autem
1179 1690 1320 1765 iuraret:
1349 1715 1424 1787 pars
1447 1703 1503 1766 tua
1525 1697 1607 1769 mihi
1631 1710 1665 1772 et

243 1823 371 1895 dicere:
408 1833 445 1894 nt
476 1821 545 1916 ipsa
568 1824 655 1918 petia
683 1847 725 1894 ex
748 1821 857 1918 ipsum
888 1819 1044 1893 hrndum:
1079 1819 1219 1915 qualiter
1249 1831 1441 1894 memoratas
1464 1823 1664 1897 coherentias

242 1951 449 2022 urcundant:
477 1959 655 2022 memorato
678 1949 811 2021 domino
833 1969 912 2020 urso
936 1947 1011 2022 ahio
1034 1957 1092 2020 tuo
1116 1947 1291 2041 tetigisset:
1313 1949 1348 2018 in
1365 1950 1511 2044 portione
1529 1951 1569 2024 da
1586 1975 1663 2031 me·

241 2088 365 2150 morata
388 2079 520 2150 domina
543 2077 786 2151 theodonanda:
813 2077 885 2150 ahia
907 2099 1001 2150 mea:
1028 2085 1062 2150 et
1084 2073 1237 2146 athicem
1261 2074 1399 2149 exinde:
1426 2077 1579 2170 tetigisset
1593 2080 1688 2174 ipsa²

243 2203 314 2273 ahia
337 2227 408 2275 rnen
432 2206 501 2299 ipsa
533 2204 640 2298 portio
670 2227 771 2300 quam
793 2207 892 2279 modo
918 2201 1058 2278 detinet:
1092 2209 1272 2274 memorato
1301 2201 1354 2274 leo
1385 2203 1533 2276 exadello
1562 2229 1659 2278 meo:

241 2330 330 2423 qnod
354 2341 402 2399 est
425 2331 465 2400 ad
490 2327 606 2424 equale
627 2351 796 2402 mensura:
818 2339 851 2401 et
873 2339 1087 2404 memoratum
1110 2327 1211 2403 alium
1233 2329 1371 2402 fundum
1390 2337 1506 2402 tuum:
1532 2331 1590 2427 qui
1615 2342 1664 2403 est

243 2464 275 2523 at
298 2464 474 2523 memorata
499 2463 590 2545 parte
613 2453 857 2546 septentrionis:
894 2468 928 2523 at
956 2469 1136 2528 memorato
1168 2456 1242 2530 abio
1265 2465 1324 2529 tuo
1353 2455 1577 2552 pertinuisset:
1604 2479 1664 2550 per

241 2586 416 2650 memorata
439 2577 583 2651 chartula
598 2575 864 2674 comparationis:
890 2587 924 2652 et
946 2599 1005 2674 per
1019 2591 1196 2652 memorate
1214 2581 1360 2654 chartula
1374 2582 1657 2656 commutationis:

242 2725 341 2798 quam
365 2704 446 2774 mihi
470 2703 504 2774 in
529 2703 670 2776 iudicio:
705 2702 896 2777 ostensistis:
928 2725 991 2798 ego
1013 2727 1134 2800 ponere
1156 2705 1216 2779 tivi
1248 2709 1364 2786 exinde
1394 2685 1597 2784 securitatem
1631 2693 1664 2782 et

242 2831 320 2924 quain
343 2851 410 2900 nou
437 2827 563 2923 potuit:
600 2849 678 2926 pars
707 2851 802 2902 mea:
837 2828 896 2902 tvi
923 2829 1019 2902 illut:
1050 2829 1156 2904 taliter
1178 2835 1361 2907 ostendere:
1391 2845 1425 2908 et
1443 2835 1482 2906 in
1505 2836 1662 2928 presentia

241 2955 384 3049 recepia
406 2976 558 3048 perseum
584 2963 641 3026 tua
664 2976 741 3026 cum
763 2978 831 3026 uno
855 2955 924 3027 lilio
938 2963 997 3028 tuo
1018 2964 1236 3030 memoratum
1258 2965 1514 3030 sacramentum:
1539 2959 1665 3030 dicente

242 3081 324 3154 mihi
347 3089 386 3153 ut
408 3081 555 3176 superius
577 3081 773 3154 atsernistis:
799 3093 831 3154 et
854 3081 985 3156 deliniri
1000 3083 1117 3157 exinde
1131 3081 1322 3156 vobiscum:
1347 3083 1383 3154 in
1405 3079 1581 3154 omuibus:
1607 3083 1664 3152 iu·

242 3232 340 3304 super
369 3185 511 3284 deliniri¹
532 3222 641 3284 tecum
672 3223 705 3284 et
732 3215 772 3286 de
795 3212 920 3308 integra
942 3235 1008 3285 unu
1030 3223 1115 3286 terra
1138 3223 1195 3286 tua
1218 3236 1284 3308 que
1307 3222 1442 3286 uocatur
1464 3210 1544 3283 silba
1567 3235 1662 3283 mau-

242 3361 300 3408 ra:
326 3339 446 3434 posita:
471 3341 506 3412 in
529 3349 708 3414 memorato
731 3341 804 3412 loco
825 3343 883 3436 qui
906 3341 979 3413 uhet
1002 3341 1094 3412 finis:
1121 3339 1162 3408 ala
1185 3361 1253 3410 uno
1275 3337 1395 3408 latere:
1422 3345 1506 3408 terra
1530 3335 1664 3410 heredes

244 3591 347 3684 capite
371 3601 456 3662 terra
479 3615 543 3686 que
567 3599 702 3663 vocatur
723 3589 924 3662 bibentium:
950 3586 991 3659 eh
1014 3586 1079 3660 alio
1100 3585 1204 3681 cupite
1226 3581 1358 3655 coheret
1381 3591 1560 3654 memorata
1583 3582 1661 3652 hia:

245 3713 480 3808 compeniaria:
516 3715 556 3786 de
588 3737 653 3808 qua
686 3713 811 3787 dicebat
832 3734 906 3808 pars
929 3735 1023 3784 mea:
1058 3711 1136 3808 quia
1166 3711 1202 3780 in
1233 3715 1409 3781 memorata
1441 3717 1527 3780 terra
1551 3706 1660 3778 ahuit:

245 3845 425 3934 memorata
447 3839 519 3910 ahia
542 3863 636 3912 meu:
662 3861 731 3910 nnn
753 3837 940 3910 interticum
963 3837 1047 3908 iustu
1069 3835 1139 3933 ipsu
1160 3833 1236 3907 hia:
1261 3850 1295 3910 et
1317 3859 1355 3908 ea
1379 3835 1414 3907 in
1437 3833 1586 3931 portione
1611 3845 1665 3906 te-

244 3971 319 4065 tigit
343 3971 385 4042 da
407 3979 586 4043 memorato
610 3967 743 4042 domino
770 3989 849 4041 urso
872 3965 949 4038 ahio
973 3975 1050 4039 tuo:
1086 3989 1240 4060 germano
1263 3987 1344 4038 suo:
1377 3973 1411 4038 et
1432 3970 1516 4060 pars
1530 3973 1585 4034 tna
1611 3963 1664 4035 di-

247 4099 358 4171 cehat:
393 4097 476 4194 epait
507 4099 585 4194 quia
617 4095 736 4168 heritas
767 4117 834 4167 non
866 4104 943 4168 eat:
976 4105 1025 4170 eet
1056 4103 1234 4168 memorata
1266 4095 1390 4186 integra
1419 4101 1504 4167 terra
1528 4091 1679 4186 qualiter

246 4234 439 4298 memoratas
463 4223 663 4298 coherentia:
686 4223 894 4296 circundant:
922 4231 955 4293 at
977 4231 1156 4294 memorato
1180 4221 1311 4294 domino
1331 4243 1408 4291 urso
1425 4217 1498 4292 abio
1515 4226 1572 4289 tuo
1587 4242 1665 4312 per-

247 4351 346 4421 tineat
369 4372 426 4444 per
450 4347 596 4420 chartule
618 4345 867 4442 comparationis
899 4355 932 4418 et
960 4345 1220 4418 commutationis
1253 4355 1286 4416 et
1317 4368 1375 4438 per
1399 4343 1543 4414 chartule
1566 4366 1665 4414 secu-

247 4475 355 4547 ritate:
383 4483 416 4549 et
440 4471 480 4544 ah
503 4473 560 4544 illo
584 4483 728 4566 tempore
751 4493 856 4566 usque
879 4471 979 4543 modo
1003 4491 1062 4543 scs
1085 4495 1123 4542 ea
1146 4469 1394 4544 dominassetis:
1416 4463 1594 4538 iudicatum
1618 4478 1667 4538 est

248 4601 364 4676 exinde
387 4599 472 4672 inter
495 4621 555 4672 nos
577 4609 616 4670 ut
636 4598 665 4668 si
687 4595 851 4690 potuerit:
876 4615 949 4690 pars
972 4616 1045 4666 mea
1066 4595 1126 4666 tivi
1149 4591 1364 4664 ostensionem
1384 4589 1515 4662 lacere:
1541 4613 1665 4688 quom·

246 4731 347 4804 modo
369 4735 546 4800 memorata
570 4723 700 4799 domina
722 4721 947 4796 theodouanda
970 4721 1146 4815 tetigisset:
1180 4719 1248 4816 ipse
1276 4717 1462 4790 interticum
1484 4718 1572 4792 intus
1595 4723 1665 4814 ipsa

246 4852 451 4926 coherentia:
478 4871 540 4944 ego
563 4849 689 4920 retdere
712 4845 772 4918 tivi
795 4845 869 4940 ipsu
891 4844 1097 4917 interticum:
1124 4845 1175 4916 sin
1199 4853 1307 4917 autem
1331 4846 1440 4919 iurare
1465 4853 1498 4918 et
1512 4871 1586 4940 pars
1611 4857 1665 4918 tua

246 4981 329 5052 mihi
353 4989 385 5052 et
408 4977 514 5051 dicere
537 4985 576 5047 ut
597 4980 774 5046 memorata
806 4973 932 5068 integra
964 4981 1049 5044 terra
1081 4972 1219 5068 qualiter
1250 4983 1443 5046 memoratas
1466 4973 1666 5044 coherentia:
1693 4992 1696 4998 ·
