4876 6532
882 571 958 664 (55
985 577 1001 666 )

213 751 301 808 terra
326 744 358 804 et
381 730 509 826 scapula
533 739 638 800 vestre
661 729 742 800 iuris
764 729 920 801 nominati
942 733 1043 802 seneti
1059 743 1092 804 et
1107 735 1300 808 venerabilis
1316 741 1414 810 vestri
1438 749 1638 820 monasterii.

217 868 251 933 et
275 883 319 932 ex
343 859 408 930 elio
431 857 529 928 lutere
552 866 641 950 parte
665 856 861 930 boeoidentis
883 868 968 930 terra
992 857 1147 934 heredum
1170 863 1295 934 domini
1317 865 1435 936 marini
1451 869 1508 960 qui
1525 874 1637 944 nomi-

215 997 327 1058 natur.
340 1033 351 1055 .
365 1030 376 1055 .
390 1033 399 1054 .
414 1033 423 1052 .
437 1008 466 1055 ‚t
493 985 542 1056 De
565 1005 632 1054 uno
648 983 750 1075 eapite
772 993 863 1076 parte
886 985 1110 1080 septentrionis
1133 994 1181 1057 est
1203 987 1256 1058 via
1280 988 1339 1082 qui
1362 991 1450 1062 vadit
1472 990 1557 1064 inter
1573 995 1638 1068 bor

214 1121 247 1186 et
277 1111 361 1186 inter
393 1119 481 1192 terra
512 1109 669 1182 heredum
698 1109 820 1182 domini
843 1112 988 1208 stephani
1023 1112 1090 1184 lilio
1115 1091 1236 1184 domini
1260 1115 1392 1185 iobanni
1414 1116 1490 1186 kata
1514 1120 1638 1196 domini

214 1245 353 1336 ypatiae:
380 1240 431 1310 De
457 1237 520 1316 ulio
536 1238 640 1332 cupite
656 1238 818 1334 lineaque
842 1265 884 1314 ex
907 1241 977 1334 ipso
1001 1239 1095 1312 ribo:
1121 1242 1172 1312 Ile
1195 1267 1261 1338 qua
1283 1242 1366 1314 nihil
1389 1241 1482 1314 nobis
1504 1266 1564 1314 nee
1579 1247 1637 1339 ip-

213 1365 279 1438 sius
294 1363 422 1436 ecclesis
449 1362 566 1436 nostris
581 1363 668 1436 intus
691 1363 870 1436 nominatus
894 1365 1092 1438 ooberentias
1116 1366 1248 1462 aliquod
1271 1369 1424 1440 remansit
1446 1379 1502 1440 eut
1525 1392 1636 1440 reser-

213 1494 358 1566 vavimus
392 1513 452 1566 nee
474 1493 510 1562 in
532 1491 669 1564 alienam
703 1513 873 1586 personam
896 1493 1115 1568 commisimus
1136 1502 1317 1598 potestate:
1351 1498 1397 1566 lta
1422 1505 1459 1564 ut
1481 1496 1524 1565 be
1547 1521 1632 1570 nune

212 1627 242 1692 et
266 1619 414 1714 deinceps
437 1617 601 1690 nominata
615 1618 740 1712 integra
763 1625 848 1690 terra
872 1628 981 1691 nostra
1003 1645 1068 1717 que
1091 1631 1226 1694 voeatur
1250 1621 1355 1692 adfine
1378 1643 1442 1690 una
1466 1643 1542 1690 eum
1565 1623 1633 1692 oli-

208 1749 319 1820 betum
343 1769 440 1821 suum
462 1757 496 1820 et
518 1770 594 1818 eum
617 1749 776 1819 fruetores
801 1747 859 1842 qui
880 1749 982 1821 ibides
1006 1759 1081 1822 sunt
1104 1760 1137 1822 et
1160 1773 1235 1822 eum
1259 1751 1326 1843 ipsa
1350 1749 1477 1843 serpula
1502 1760 1534 1818 et
1557 1751 1633 1844 pla-

205 1896 289 1946 num
318 1859 390 1946 ¹fine
425 1895 510 1967 equa
545 1895 588 1942 ex
624 1873 695 1965 ipso
724 1897 766 1946 ex
798 1873 869 1966 ipso
897 1848 974 1944 'ribo
997 1876 1087 1968 quod
1110 1889 1157 1946 est
1180 1876 1215 1944 in
1237 1897 1304 1944 uno
1326 1874 1477 1944 tenientia
1501 1884 1534 1945 et
1557 1897 1632 1946 eum

204 1999 377 2070 introitum
399 2019 495 2068 suum
518 1995 731 2090 omnibusque
754 1997 816 2067 sivi
839 1997 1031 2091 generaliter
1052 1999 1299 2092 pertinentibus.
1325 1999 1411 2070 unde
1434 1998 1514 2069 nibil
1539 2000 1631 2072 nobis

206 2122 323 2196 exinde
345 2123 582 2194 reservavimus
605 2131 763 2216 quatenos
786 2149 845 2218 per
860 2125 1039 2195 nominatas
1062 2123 1262 2196 coherentias
1277 2124 1369 2196 vobis
1386 2148 1461 2196 eum
1483 2118 1632 2202 insinua-

207 2234 325 2320 vimus.
351 2253 399 2316 set
422 2244 458 2316 in
479 2245 607 2338 integro
630 2245 715 2316 sicut
740 2249 887 2340 superius
909 2247 1029 2338 legitur
1052 2255 1085 2316 et
1107 2247 1244 2339 qualiter
1266 2245 1502 2340 prenominatae
1525 2252 1630 2324 eolre-

208 2373 326 2446 rentias
359 2371 562 2444 circumdent
593 2397 612 2442 a
647 2371 740 2441 nobis
774 2371 868 2441 vobis
901 2371 966 2441 sint
988 2373 1207 2442 venundatum
1231 2381 1264 2443 et
1289 2373 1442 2446 traditum
1464 2377 1499 2447 in
1523 2387 1629 2448 vesus

204 2503 403 2598 postedsque
425 2501 540 2574 vestris
562 2499 795 2591 nominatoque
819 2503 928 2568 saneto
961 2505 993 2569 et
1016 2499 1191 2572 venerabili
1215 2513 1323 2574 vestro
1346 2506 1541 2577 monasterio
1564 2506 1628 2576 sint

115 2647 118 2655 ·
205 2633 361 2721 potestate
379 2623 539 2719 quidquid
550 2622 665 2693 exinde
680 2622 783 2692 faeere
800 2619 968 2692 volueritis
983 2641 1109 2715 semper
1118 2622 1253 2694 liberam
1268 2624 1410 2698 babeatis
1428 2622 1625 2722 potestatem.

205 2759 237 2822 et
253 2775 360 2846 neque
375 2775 395 2823 a
408 2749 502 2820 nobis
517 2748 681 2820 nominato
705 2746 836 2816 iohanni
859 2745 1045 2841 presbitero.
1070 2756 1103 2820 et
1126 2751 1226 2822 drosu
1248 2753 1381 2824 honesta
1404 2754 1523 2824 lemine
1548 2776 1623 2826 eunt

204 2875 371 2950 voluntate
394 2877 552 2948 nominati
576 2874 699 2946 domini
731 2873 877 2944 iohannis
900 2873 958 2968 qui
981 2895 1079 2966 supra
1103 2897 1222 2948 nomen
1258 2877 1359 2948 lasani
1394 2880 1458 2950 viri
1481 2881 1569 2949 mei:
1595 2889 1628 2949 et

201 3005 356 3099 stephano
378 3026 437 3076 reu
459 3002 599 3074 iobanne
635 3003 794 3094 germanis
827 3009 860 3072 et
890 3001 976 3071 idem
1000 3000 1155 3074 iohannes
1178 3025 1254 3072 oum
1276 3003 1443 3076 voluntate
1466 3004 1624 3076 nominati

201 3128 325 3204 domini
347 3126 434 3200 leoni
447 3135 491 3218 ⁴et
513 3125 634 3196 muriae
658 3149 722 3219 que
745 3147 842 3219 supra
877 3147 995 3196 nomen
1018 3125 1132 3194 silliete
1155 3125 1295 3218 genitori
1318 3137 1350 3199 et
1373 3130 1504 3223 coniugi
1527 3131 1622 3202 meis.

199 3266 231 3330 et
253 3254 410 3350 eupraxia
433 3253 491 3349 qui
520 3275 617 3347 supra
642 3273 762 3322 nomen
785 3273 913 3344 gemme
942 3259 975 3322 et
1003 3249 1159 3320 iohannes
1189 3253 1351 3343 germanis
1374 3275 1437 3342 ego
1460 3257 1625 3324 nominata

200 3384 355 3480 eupraxia
370 3382 428 3477 qui
441 3403 539 3475 supra
562 3403 681 3452 nomen
696 3401 824 3474 gemma
840 3401 916 3450 eum
931 3378 1094 3450 voluntate
1109 3375 1266 3448 nominati
1283 3377 1425 3470 gregorii
1448 3379 1511 3450 viri
1521 3417 1524 3426 ·
1534 3380 1616 3450 mei.

200 3519 232 3580 et
254 3508 348 3579 leone
379 3527 437 3578 seu
461 3503 613 3598 gregorie
646 3511 679 3572 et
710 3501 935 3574 theodonanda
963 3501 1125 3596 germanis
1160 3523 1223 3595 ego
1256 3499 1440 3570 nominatus
1462 3501 1515 3571 leo
1545 3525 1621 3574 eum

200 3657 387 3708 eonsensum
406 3632 569 3702 nominate
586 3651 712 3722 gemme
728 3628 860 3719 coniugi
884 3649 956 3698 mee
979 3637 1012 3699 et
1034 3649 1097 3720 ego
1118 3627 1283 3698 nominata
1305 3626 1529 3702 theodonanda
1546 3651 1621 3701 eum

198 3763 362 3833 voluntate
396 3755 553 3828 nominati
585 3752 733 3826 iobennis
766 3753 826 3847 qui
855 3775 953 3847 supra
983 3774 1102 3824 nomen
1135 3752 1250 3846 piotuli
1278 3754 1343 3823 viri
1375 3754 1440 3825 mei
1476 3755 1539 3826 boe
1573 3765 1622 3828 eat

197 3892 343 3980 parentes
366 3889 399 3952 et
422 3885 586 3949 consortes
617 3899 723 3970 neque
746 3901 765 3945 a
787 3876 905 3946 nostris
927 3873 1101 3946 heredibus
1122 3898 1229 3970 neque
1252 3901 1271 3946 a
1293 3876 1457 3948 nominate
1481 3863 1622 3950 eeclesiis

197 4007 316 4080 nostris
339 4025 444 4100 neque
468 4001 508 4072 ab
532 4023 644 4072 earum
674 3999 859 4070 custodibus
881 3997 973 4070 nullo
996 4007 1140 4092 tempore
1162 4021 1328 4093 nunquam
1352 4021 1411 4070 vos
1434 4002 1618 4072 nominatus

197 4130 349 4204 dominus
383 4125 507 4219 sergius
538 4121 727 4192 venerahilis
756 4121 928 4214 igumenus
965 4131 1023 4194 aut
1052 4123 1189 4216 posteris
1218 4124 1332 4194 vestris
1356 4147 1416 4196 nee
1437 4127 1622 4198 nominatus

195 4267 324 4330 sanetus
355 4262 388 4327 et
418 4249 606 4323 venerabilis
633 4249 738 4320 hester
769 4251 981 4324 monasterius
1010 4250 1099 4345 quod
1122 4249 1203 4320 absit
1228 4249 1371 4320 habeatis
1399 4252 1516 4327 exinde
1550 4254 1616 4324 ali-

196 4384 327 4480 quando
351 4403 554 4476 quacumque
576 4377 786 4472 requisitione
810 4387 866 4448 aut
890 4378 1036 4448 molestia
1058 4399 1117 4470 per
1139 4377 1265 4448 nullum
1295 4377 1428 4448 modum
1459 4401 1519 4448 nee
1550 4401 1614 4474 per

195 4506 376 4582 summissis
398 4506 541 4600 personis
564 4503 608 4576 ba
628 4527 715 4582 nuno
738 4512 770 4576 et
792 4503 827 4573 in
850 4503 1012 4596 perpetuis
1028 4502 1244 4596 temporibus:
1264 4503 1397 4596 Insuper
1414 4505 1504 4574 omni
1520 4516 1607 4576 tem·

190 4649 276 4730 'pore
299 4657 360 4705 nos
382 4643 414 4706 et
436 4633 570 4704 heredes
593 4631 709 4702 nostris
734 4629 826 4700 vobis
850 4628 1050 4722 posterisque
1072 4628 1186 4700 vestris
1209 4629 1439 4724 nominatoque
1453 4642 1563 4704 saneto
1575 4643 1608 4705 et

198 4757 375 4834 venerabili
398 4765 506 4830 vestro
528 4754 723 4826 monasterio
747 4755 863 4826 exinde
886 4753 927 4822 eb
950 4751 1056 4824 omnis
1079 4752 1210 4823 bomine
1232 4754 1384 4850 omnique
1408 4779 1558 4848 personas
1573 4768 1606 4831 et
1681 4788 1685 4794 ·

199 4884 238 4955 rb
260 4882 411 4955 omnibus
433 4880 635 4951 consortibus
657 4879 773 4949 nostris
796 4889 828 4950 et
852 4878 892 4947 ab
915 4899 1029 4948 eorum
1054 4877 1224 4950 beredibus
1240 4879 1273 4950 in
1288 4881 1436 4952 omnibus
1449 4892 1606 4958 antestare

200 5021 233 5086 et
255 5013 417 5086 defensare
440 5007 656 5106 promittimus
680 5007 930 5102 imperpetuum.
958 5027 1069 5076 omnes
1093 5006 1181 5076 enim
1197 5006 1314 5077 exinde
1329 5015 1520 5080 antestemus
1535 5031 1609 5102 par·
