4900 6528
910 665 1053 766 (241)

271 833 304 899 et
317 843 378 900 nos
392 823 511 898 subter.
536 843 598 918 pro
620 821 692 896 eins
715 821 864 896 tirmitnte
886 847 1003 900 monos
1024 831 1149 900 nostros
1164 845 1300 922 propris
1321 825 1569 922 mbsoripsimnt
1587 825 1639 902 die
1661 833 1695 900 et
1842 920 1844 930 .

265 953 439 1036 indictione
452 958 631 1024 memorato
652 957 767 1046 quarto
790 950 823 1046 †
848 999 1056 1036 ,,,,,,
1081 950 1144 1022 siin
1166 973 1266 1026 monn
1292 1001 1538 1041 ,,,,,,,

361 1075 393 1170 †
414 1073 559 1148 bissinus
571 1071 690 1147 Consul
706 1079 739 1146 et
753 1071 931 1170 imperitiis
946 1069 1129 1166 anthipatus
1143 1073 1297 1167 petrioius
1316 1076 1488 1170 subscripsi
1505 1131 1514 1160 ‚
1546 1132 1556 1163 ,
1585 1131 1595 1163 ‚
1612 1101 1688 1150 narn

266 1196 442 1276 nlinmnnu
466 1251 479 1292 ‚
508 1250 674 1290 ,,,,,
675 1201 707 1295 †
730 1223 793 1294 ogo
814 1205 926 1294 petros
948 1199 1120 1294 primarius
1143 1199 1246 1274 Curio
1269 1199 1368 1272 bnins
1390 1201 1530 1274 civitatis
1549 1205 1690 1299 neopolis

263 1330 326 1404 beo
340 1327 536 1422 exemplario
551 1325 764 1398 oonmssionis
786 1345 886 1420 quem
908 1321 980 1395 eius
1002 1323 1187 1400 anthentica
1209 1327 1302 1400 nobis
1325 1328 1399 1402 dedi
1415 1330 1566 1402 dominus
1586 1333 1690 1403 bonus

106 1533 108 1540 ,
265 1447 456 1524 venerabilis
479 1447 576 1518 abbas
608 1445 779 1520 memorati
801 1444 988 1518 monosterii
1010 1453 1195 1519 sanctorum
1230 1447 1362 1520 sebirini
1385 1461 1418 1524 et
1440 1453 1520 1524 sossi
1548 1474 1608 1546 pro
1632 1453 1692 1522 istn

265 1574 461 1670 exemplario
483 1583 517 1645 ot
539 1575 654 1648 eodem
676 1571 907 1647 monesterium
929 1571 1112 1646 faciendum
1134 1573 1387 1666 sient-superius
1409 1577 1528 1668 legitur
1556 1604 1598 1651 ex
1621 1582 1690 1674 ipso

264 1703 446 1776 authentice
473 1701 613 1776 retrorsa
634 1709 668 1774 et
689 1723 766 1772 oum
789 1700 890 1772 nimia
913 1698 1037 1773 cautela
1060 1697 1247 1795 stoingnlns
1270 1699 1402 1773 relectas
1425 1723 1486 1796 pro
1500 1705 1690 1798 ampliorem

265 1834 336 1904 eins
357 1829 543 1902 firmitatem
557 1848 673 1902 monus
695 1825 826 1922 proprio
848 1825 1020 1920 subscripsi
1042 1826 1078 1896 in
1100 1826 1154 1899 dis
1177 1827 1328 1925 vicesimo
1343 1831 1462 1902 mensis
1475 1830 1583 1902 mortii
1599 1832 1690 1906 indi-

264 1955 371 2031 ctione
393 1955 532 2028 secnndo
555 1955 587 2050 †

359 2084 433 2178 Ego
455 2081 579 2177 sergim
601 2078 778 2154 obnoxius
800 2075 898 2152 Gnrie
920 2078 1019 2150 huius
1051 2076 1189 2150 eiritotis
1225 2079 1367 2173 neopolis
1398 2081 1460 2156 beo
1494 2088 1687 2181 exemplaris

265 2196 478 2282 oonmosionis
510 2228 609 2300 qoem
642 2204 713 2276 eius
745 2201 928 2278 anthentica
959 2201 1052 2276 nobis
1081 2201 1155 2277 dedi
1184 2203 1334 2278 dominus
1366 2205 1471 2280 bonus
1500 2213 1690 2286 renerobitis

264 2337 360 2408 obbas
391 2334 561 2404 memorati
583 2331 756 2402 monasteri
784 2343 968 2404 sanctorum
991 2331 1129 2408 seberini
1153 2339 1186 2404 et
1215 2335 1294 2405 sossi
1317 2357 1378 2430 pro
1400 2339 1461 2408 isto
1493 2341 1689 2434 exemplaria

264 2463 306 2534 nd
328 2462 443 2532 eodem
467 2458 698 2528 monasterinm
712 2457 903 2528 ‚iaciendum
928 2459 1012 2532 siout
1034 2461 1181 2554 superius
1203 2460 1323 2556 legitur
1346 2487 1388 2537 ex
1411 2463 1481 2558 ipso
1503 2467 1686 2542 authentica

262 2589 402 2662 reinboto
425 2597 557 2662 etcum
580 2581 680 2656 nimio
703 2579 826 2656 eoumln
850 2581 1049 2675 arnugum
1078 2587 1210 2658 nolentes
1231 2612 1293 2682 pro
1315 2592 1503 2687 ampliorem
1526 2595 1596 2671 sins
1619 2597 1682 2667 tir-

264 2715 409 2788 mitatem
432 2733 549 2786 manus
578 2709 709 2804 proprio
732 2706 905 2804 subscripsi
926 2707 963 2784 in
985 2706 1039 2782 die
1061 2709 1214 2790 vicesimo
1236 2719 1354 2794 mensis
1376 2721 1485 2794 martii
1511 2722 1685 2796 indictione

263 2837 455 2932 seeundo†
