4854 6528
1397 621 1540 716 erre)

617 813 622 820 ·
760 791 858 864 deum
882 788 1136 880 omnipotentem
1160 784 1314 879 simplum
1347 793 1380 854 et
1404 784 1528 854 trinum
1551 781 1687 874 eiusque
1710 801 1822 850 omnes
1846 789 1972 850 sanctos
1997 781 2184 856 ndiuramus

760 923 794 988 et
817 911 1012 1008 presbiteros
1035 931 1119 1004 quos
1143 925 1218 980 vos:
1238 917 1271 980 et
1293 905 1427 978 heredes
1451 904 1549 978 vestri
1572 904 1695 978 ibidem
1718 902 1943 976 ordinaberitis
1967 927 2033 975 non
2057 906 2183 976 habea-

762 1061 837 1112 mus
870 1044 1062 1132 potestatem
1094 1057 1154 1106 nos
1178 1036 1244 1108 aud
1279 1055 1479 1106 successores
1503 1040 1632 1104 nostros
1654 1029 1817 1102 licentiam
1840 1027 1913 1100 illos
1936 1033 2184 1106 excomunicane

760 1169 825 1241 nisi
848 1173 1051 1262 percoctam
1074 1171 1107 1232 et
1131 1161 1299 1254 probatam
1322 1159 1463 1252 culpam.
1499 1168 1531 1228 ct
1554 1160 1598 1229 ud
1622 1157 1663 1228 ab
1685 1159 1732 1230 eis
1756 1155 1819 1228 boo
1841 1155 1996 1228 libertatis
2027 1160 2184 1254 scriptum

761 1297 982 1367 incunctanter
1006 1291 1168 1364 credatur.
1194 1287 1307 1380 Sigillo
1331 1295 1443 1356 nostro
1459 1284 1641 1355 continente
1665 1285 1822 1376 scriptum
1842 1283 1973 1356 nomine
1999 1294 2106 1358 sancte
2132 1287 2183 1358 dei

762 1419 926 1516 genitricis
942 1425 975 1488 et
991 1413 1124 1506 virginis
1140 1411 1242 1482 marie
1259 1408 1421 1482 affiximus
1442 1406 1643 1479 roboratum.
1661 1408 1768 1492 Quam
1785 1407 1933 1482 videlicet
1949 1407 2104 1483 libertatis
2120 1409 2185 1482 ab·

764 1547 957 1619 solutionem
980 1537 1040 1609 tibi
1064 1533 1207 1608 maraldo
1230 1531 1399 1626 presbiteri
1422 1532 1579 1606 sacerdoti
1607 1543 1641 1604 et
1655 1531 1900 1607 bibliothecario
1916 1543 2026 1606 nostro
2043 1535 2184 1610 scribere

766 1673 944 1746 iussimus:
969 1663 1014 1733 Et
1036 1683 1098 1756 pro
1120 1660 1364 1735 confirmatione
1388 1659 1649 1755 supradictorum
1671 1661 1820 1740 omnium
1842 1661 2018 1734 secundm
2042 1683 2183 1734 consue-

765 1797 910 1869 tudinem
933 1797 1160 1886 preceptorum
1183 1811 1282 1862 manu
1305 1797 1414 1862 nostra
1439 1787 1713 1884 subscripsimasa

860 1921 891 2017 †
914 1920 986 2011 Ego
1009 1915 1171 1992 maraldus
1194 1917 1352 2011 presbiter
1373 1929 1410 1988 et
1432 1915 1695 1993 bibliothecarius
1719 1941 1760 1990 en
1776 1919 1916 1992 iussione
1947 1917 2069 1991 domini
2093 1917 2184 1992 olde-

762 2051 822 2122 rici
846 2045 989 2143 episcopi
1011 2068 1064 2121 me
1087 2042 1279 2137 subscripsit

861 2177 988 2271 ΙΗίςο
1010 2173 1070 2269 qui
1094 2192 1191 2265 supro
1214 2172 1357 2244 cesarius
1381 2171 1629 2268 archipresbiter
1655 2185 1688 2246 et
1711 2177 1810 2249 iudex

860 2303 985 2400 †Ego
1007 2307 1118 2394 petrns
1141 2311 1253 2392 petrus
1276 2299 1436 2394 presbiter
1458 2309 1491 2373 et
1515 2301 1692 2376 monachus
1716 2327 1757 2374 cx
1780 2303 1921 2378 iussione
1946 2305 2068 2375 domini
2093 2303 2183 2376 alde-

764 2437 827 2506 rici
851 2429 993 2527 episcopi
1015 2453 1069 2502 me
1092 2425 1266 2519 subscripsi
2103 2515 2107 2522 .

863 2554 895 2650 †
917 2557 988 2649 Ego
1014 2549 1213 2646 grimoaldus
1235 2551 1391 2645 presbiter
1420 2576 1462 2626 ex
1490 2552 1633 2626 iussione
1665 2553 1787 2624 donn'ni
1813 2551 1942 2624 olderici
1965 2551 2108 2643 episcopi
2133 2575 2184 2622 me

765 2681 936 2777 subscripsi

862 2807 894 2904 †
917 2811 991 2901 Ego
1013 2807 1168 2880 iohannes
1199 2807 1355 2900 presbiter
1383 2808 1430 2877 'er
1462 2805 1605 2876 iussione
1636 2804 1758 2874 domini
1793 2803 1922 2875 olderici
1956 2805 2097 2900 episcopi
2133 2833 2184 2881 nne

767 2935 940 3030 subscripsi

864 3059 896 3156 †
918 3061 989 3156 Ego
1010 3061 1165 3136 iohannes
1190 3060 1347 3157 presbiter
1369 3083 1412 3130 ex
1435 3057 1576 3130 iussione
1591 3055 1712 3128 domini
1730 3058 1859 3130 alderici
1876 3057 2016 3150 episcopi
2032 3083 2086 3132 me
2102 3061 2185 3130 sub-
2217 3105 2221 3116 ·

769 3191 881 3287 scripsi
2175 3187 2179 3198 '

867 3317 993 3415 †Ego
1019 3312 1209 3389 ondenolius
1242 3313 1398 3388 diaconus
1429 3336 1470 3383 ex
1497 3313 1638 3385 iussione
1669 3313 1792 3384 domini
1817 3313 1946 3384 alderici
1970 3315 2110 3407 episcopi
2134 3337 2187 3386 me

771 3446 943 3542 subscripsi

1220 3693 1389 3768 νΕΝΕ
1467 3689 1734 3764 vttt'tt
