4854 6528
877 1020 994 1100 CXIX.

312 1265 404 1360 †ln
437 1269 569 1342 nomine
601 1270 728 1344 domiui
759 1271 812 1344 dci
843 1271 1013 1346 salvatoris
1045 1272 1149 1344 nostri
1181 1271 1278 1344 lhesu
1311 1269 1433 1342 Christi
1457 1273 1638 1365 Imperantc
1713 1304 1763 1350 an.

221 1395 352 1468 domino
378 1403 489 1468 nostro
511 1396 625 1468 basilio
648 1420 768 1495 magno
790 1400 989 1493 Imperatore
1012 1419 1096 1470 auno
1119 1405 1230 1470 sexto:
1257 1400 1314 1472 sed
1336 1406 1370 1472 et
1391 1395 1583 1492 nicephoriu
1606 1408 1641 1472 et
1690 1414 1776 1480 966.

221 1520 420 1602 constantino
443 1521 569 1617 maguis
592 1523 862 1619 imperatoribus:
888 1547 974 1597 auno
996 1521 1094 1596 tertio
1117 1523 1169 1596 die
1184 1523 1359 1596 Undecima
1384 1525 1503 1596 mensis
1527 1524 1637 1596 martii

220 1649 395 1724 indictione
417 1673 503 1724 nona
526 1653 678 1749 neapoli:
705 1655 809 1726 Horta
828 1663 881 1728 est
902 1655 1015 1750 itaque
1029 1652 1167 1726 intentio
1182 1653 1266 1724 inter
1289 1675 1349 1724 uos
1364 1651 1517 1747 gregorio
1533 1654 1638 1746 gratis

220 1771 272 1844 dei
295 1775 455 1872 episcopi:
480 1786 587 1852 sancte
603 1780 686 1852 sedis
702 1780 904 1875 neapolitana
927 1781 1082 1854 ecclesis:
1109 1789 1142 1854 et
1160 1780 1228 1852 Vos
1252 1778 1402 1852 uidelicet
1418 1777 1524 1872 sergio
1537 1779 1637 1850 Umi-

218 1895 284 1968 lem
307 1921 471 1994 ygumeno
495 1903 680 1978 monasterii
703 1913 888 1976 sauctorum
910 1903 1010 1999 sergii
1033 1911 1066 1976 et
1087 1903 1198 1976 baschi
1234 1903 1292 1997 qui
1315 1925 1401 1974 nuuc
1421 1909 1637 1994 congregatur

217 2032 265 2094 est
287 2025 323 2096 in
346 2031 541 2102 monasterio
564 2040 750 2104 sanctorum
772 2032 923 2106 theodori
955 2039 989 2104 ct
1010 2029 1180 2104 sebastiani
1204 2033 1302 2102 situm
1334 2030 1369 2102 iu
1391 2031 1465 2100 loeo
1488 2031 1546 2124 qui
1571 2053 1637 2100 vo-

221 2161 312 2224 catur
335 2155 491 2248 casapicta
514 2158 549 2226 iu
572 2158 740 2230 viridiario
764 2161 806 2232 de
828 2159 1070 2233 altercationem
1093 2180 1193 2254 quem
1215 2159 1299 2232 iuter
1321 2179 1381 2230 nos
1395 2157 1568 2228 habuimus
1592 2158 1631 2230 de

218 2302 281 2350 uua
307 2289 393 2352 terra
417 2303 482 2376 que
497 2290 632 2352 vocatur
647 2282 836 2356 eicanellum
851 2285 955 2378 posita
970 2285 1006 2356 iu
1020 2292 1138 2381 quarto
1153 2285 1275 2356 maiore
1291 2308 1300 2354 :
1325 2283 1463 2356 habente
1478 2282 1520 2352 ha
1544 2292 1637 2375 parte

218 2403 372 2474 horieutis
396 2412 429 2475 et
445 2413 570 2497 aparte
593 2405 830 2498 septemtrionis
853 2407 1009 2500 gualdum
1033 2408 1190 2480 nominati
1212 2409 1311 2482 sancti
1334 2407 1436 2478 nostri
1460 2406 1632 2501 episcopii:

202 2541 248 2604 vet
272 2558 290 2602 a
313 2541 405 2626 parte
436 2532 613 2605 meridiana
647 2541 695 2606 est
723 2535 854 2628 egripus
891 2535 950 2630 qui
983 2543 1032 2606 est
1055 2536 1140 2608 inter
1162 2560 1196 2609 se
1221 2557 1255 2610 et
1277 2561 1394 2634 campu
1417 2539 1476 2633 qui
1500 2547 1635 2608 vocator

216 2658 424 2728 catitianum:
461 2667 494 2729 et
526 2683 546 2728 a
577 2669 669 2753 parts
702 2657 876 2731 occidentis
900 2667 950 2732 est
973 2667 1058 2732 terra
1082 2670 1188 2734 vestra
1218 2665 1388 2736 memorati
1409 2664 1511 2736 sancti
1536 2664 1637 2736 verri

89 2871 91 2876 y
215 2783 401 2856 monasterii
423 2783 483 2880 qui
505 2786 568 2856 luit
590 2787 754 2881 quondam
777 2785 926 2858 timothei
948 2786 1099 2859 monachi
1122 2788 1220 2860 vestri
1244 2791 1302 2884 qni
1330 2790 1365 2860 in
1387 2790 1539 2862 laicatum
1560 2798 1634 2862 tau-

217 2933 273 2982 rus
298 2908 434 2980 vocabat
456 2909 621 3004 quomodo
644 2909 728 2981 inter
749 2931 784 2982 se
807 2920 873 2982 tres
895 2911 1047 2984 termines
1071 2912 1212 2984 exliuat:
1239 2915 1332 2988 Unde
1348 2935 1407 2984 vos
1430 2914 1557 3007 quesivi
1577 2913 1633 2984 di-

215 3039 315 3110 ceudo
338 3059 413 3131 pars
435 3043 544 3108 nostra
567 3037 738 3108 memorati
761 3039 862 3110 sancti
890 3039 992 3112 nostri
1014 3039 1194 3134 episcopii:
1234 3039 1324 3134 quod
1350 3049 1527 3112 memorata
1550 3049 1635 3110 terra

216 3176 324 3236 nostra
348 3174 397 3236 est
419 3175 453 3236 et
475 3186 534 3236 uos
557 3171 782 3236 etmemoratu
805 3171 914 3234 sancto
937 3172 1049 3236 nostro
1064 3164 1229 3260 episcopio
1253 3165 1308 3236 illa
1324 3165 1561 3238 dominavimus
1575 3189 1634 3261 per

215 3293 462 3388 qnadragintam
485 3314 606 3362 annos:
633 3301 666 3362 et
689 3313 748 3362 vos
771 3314 831 3364 uec
854 3299 1067 3364 antecessores
1089 3294 1205 3364 vestris
1227 3293 1315 3363 illam
1339 3315 1405 3364 uon
1421 3293 1632 3368 dominsstitis

214 3422 299 3492 intus
327 3418 573 3514 quadragintam
596 3441 721 3492 annos:
757 3421 851 3492 Unde
882 3419 984 3492 multa
1016 3417 1257 3490 altercationem
1286 3419 1404 3492 exinde
1432 3420 1516 3495 iuter
1539 3419 1632 3490 nobis

214 3543 409 3616 habuimus:
439 3543 529 3614 Unde
553 3541 730 3616 iudicatum
754 3553 802 3614 est
825 3542 909 3614 inter
932 3541 1025 3614 nohis
1049 3541 1164 3614 exinde
1188 3544 1232 3614 Ut
1255 3542 1283 3614 si
1299 3543 1441 3636 potuerit
1463 3565 1536 3636 pars
1554 3565 1630 3614 me-

214 3672 333 3744 morati
356 3671 457 3744 uestri
481 3671 668 3744 monasterii
691 3670 784 3742 nohis
807 3670 1046 3744 hostensiouem
1070 3673 1175 3746 lacere
1190 3671 1354 3765 quomodo
1378 3670 1464 3742 iutus
1484 3671 1630 3766 qnadra-

213 3797 337 3892 gintam
362 3817 463 3866 anuos
485 3805 683 3866 memoratus
709 3792 923 3866 monasterius
950 3803 1056 3866 vmter
1088 3793 1143 3862 ille
1172 3792 1368 3864 dominasset
1397 3803 1454 3864 aut
1476 3793 1630 3868 tenuisset

214 3924 299 3998 intus
323 3922 570 4018 qnadragintam
594 3941 694 3992 annos
719 3942 782 4013 ego
805 3927 940 4014 poneret
954 3921 1047 3993 vobis
1063 3921 1181 3994 exinde
1200 3921 1424 3996 securitatem:
1451 3921 1507 3992 Sin
1524 3931 1631 3992 auteur

215 4049 323 4118 iurare
347 4067 421 4141 pars
444 4044 601 4116 nominati
624 4044 727 4116 nostri
750 4043 924 4138 episcopii:
951 4043 1045 4116 vobis
1062 4055 1095 4118 et
1111 4045 1219 4116 dicere
1242 4045 1319 4140 quis
1342 4054 1520 4119 memorata
1544 4053 1629 4115 terra

212 4183 391 4246 memorato
406 4182 517 4246 nostro
540 4173 705 4268 episcopio
728 4197 766 4244 ea
790 4171 880 4246 tenui
903 4177 936 4244 et
959 4171 1137 4244 dominabit
1170 4194 1269 4267 quem
1293 4173 1425 4244 eandem
1448 4194 1546 4268 quem
1570 4194 1630 4266 per

213 4302 384 4374 escaticum
409 4301 460 4374 vel
474 4301 503 4372 si
524 4301 668 4374 lavorata
681 4300 744 4372 luit
758 4323 817 4395 per
833 4301 1077 4396 quadragintam
1101 4323 1200 4375 anuos
1215 4309 1248 4374 et
1265 4323 1324 4372 vos
1340 4323 1400 4370 nec
1414 4311 1631 4372 antecessores

213 4426 325 4496 vestris
357 4425 479 4499 ibidem
502 4448 569 4502 uon
605 4423 817 4533 dominastitis
851 4447 912 4498 uec
948 4426 1095 4504 tenuistis
1126 4427 1213 4498 intus
1244 4422 1490 4520 quadragintas
1521 4443 1630 4496 anuos.

214 4575 272 4624 vos
295 4554 458 4650 poneretis
481 4555 575 4628 nohis
598 4553 716 4626 exinde
738 4551 965 4626 securitatem:
1000 4560 1073 4646 post
1105 4561 1215 4624 autem
1246 4571 1287 4620 oc
1310 4550 1385 4622 doto
1408 4557 1441 4622 et
1465 4548 1630 4625 adfirmato

212 4677 331 4749 iudicio
354 4678 488 4750 domium
511 4679 574 4750 deo
599 4677 774 4750 auxiliante
809 4677 867 4770 qui
893 4684 941 4748 est
964 4683 1089 4748 amator
1122 4673 1209 4768 pacis
1242 4673 1515 4749 Comheuientiam
1546 4675 1632 4748 inter

211 4804 303 4874 nobis
326 4803 445 4878 exinde
468 4802 603 4875 femmas
628 4800 771 4895 absque:
804 4800 895 4872 omui
918 4807 1137 4872 sacramenta:
1163 4809 1196 4870 et
1217 4797 1253 4870 in
1275 4798 1430 4893 presentis
1463 4800 1632 4872 divisimus

213 4943 390 5004 memorata
412 4939 498 5003 terra
515 4928 681 5004 vobiscum
698 4953 756 5024 per
771 4929 973 5002 medietatem
988 4949 1047 5024 per
1061 4935 1262 5002 traversum:
1290 4929 1382 5002 Unde
1397 4927 1486 5000 benit
1502 4927 1537 4998 in
1553 4949 1630 5000 me·

213 5069 338 5132 morato
360 5069 471 5132 nostro
494 5057 656 5154 episcopio
679 5057 831 5132 medietas
854 5079 873 5129 a
897 5065 988 5150 parte
1011 5053 1166 5128 horientis
1189 5054 1272 5128 iusta
1291 5061 1507 5130 memoratum
1530 5053 1629 5150 gual·
