4954 6532
893 610 1013 705 (ν)

897 886 1036 963 LXXIII.

342 1149 432 1249 †ln
455 1149 586 1222 nomine
610 1147 735 1222 domini
758 1147 811 1221 dei
833 1145 1001 1218 salvatoris
1024 1145 1126 1216 nostri
1149 1144 1242 1216 Ihesu
1259 1143 1378 1216 Christi
1395 1146 1575 1242 Imperante
1599 1159 1662 1228 do·
1736 1165 1786 1213 ³¹¹·
1847 1143 1851 1152 ’

249 1281 337 1354 mino
361 1287 474 1353 nostro
490 1275 700 1349 Constantino
714 1272 945 1370 porfirogenito
968 1293 1086 1368 magno
1110 1273 1305 1366 lmpepatore
1320 1295 1405 1344 anno
1421 1275 1662 1371 quadrigesimo
1712 1277 1798 1340 95⁰·

246 1409 368 1482 octsbo.
391 1408 448 1480 sed
470 1416 503 1479 et
525 1428 661 1478 romano
696 1425 816 1496 magno
845 1401 1038 1496 imperatore
1074 1403 1144 1474 eius
1174 1403 1243 1476 lilio
1270 1427 1354 1476 anno
1386 1409 1571 1484 undecimo.
1609 1415 1662 1488 die

245 1536 395 1608 vicesima
417 1539 532 1628 marta
555 1531 673 1604 mensis
697 1529 806 1624 aprilis
830 1528 1004 1602 indictione
1027 1538 1143 1625 quarta
1167 1530 1290 1602 decimo
1311 1531 1448 1624 neapoli.
1466 1533 1598 1606 Certum
1614 1543 1662 1608 est

245 1679 298 1730 me
320 1657 508 1754 gregorium
524 1653 627 1726 filium
643 1654 806 1749 quondam
824 1655 1014 1726 venerabilis
1030 1655 1153 1728 domiui
1168 1655 1266 1748 sergii
1283 1655 1405 1726 dudum
1421 1659 1552 1751 proiecti
1567 1673 1658 1752 post·

244 1783 381 1856 modum
413 1805 493 1854 vero
527 1777 701 1851 monachi:
737 1777 931 1872 Apresenti
954 1778 1007 1850 die
1029 1779 1246 1872 promtissima
1269 1779 1434 1852 voluntate
1458 1788 1657 1855 commutavi

242 1915 276 1976 et
290 1905 405 1976 tradidi
418 1903 511 1974 robis
528 1903 660 1974 domino
675 1902 781 1994 sergio
796 1901 972 1974 venerabili
990 1901 1145 1996 igumeno
1165 1905 1351 1975 monasterii
1367 1915 1553 1978 sanctorum
1569 1907 1660 1978 theo·

240 2029 314 2100 dori
339 2041 371 2102 et
393 2031 565 2102 sebastiani
589 2030 649 2124 qui
673 2031 850 2124 appellatur
873 2031 1031 2125 casapicta
1055 2029 1153 2102 situm
1181 2029 1216 2100 in
1242 2031 1409 2104 viridario.
1428 2033 1520 2106 lDest
1534 2033 1661 2126 integra

239 2159 379 2251 corrigia
412 2159 452 2230 de
484 2165 570 2229 terra
605 2179 679 2229 mea
710 2181 775 2252 que
810 2167 944 2230 vocatur
968 2159 1009 2231 ad
1037 2159 1178 2230 senauba
1199 2157 1303 2252 posita
1334 2163 1471 2232 veroin
1494 2161 1660 2232 territorio

242 2282 434 2382 putheolano
456 2305 522 2352 una
545 2303 622 2354 oum
643 2283 814 2356 uveribus
829 2291 862 2356 et
877 2283 1048 2356 introitum
1071 2307 1168 2356 suum
1191 2285 1405 2378 omnibusque
1430 2285 1492 2359 εἰνὶ
1516 2309 1657 2380 genera-

240 2410 313 2484 liter
340 2407 583 2502 pertinentibus.
601 2405 781 2478 dolerente
796 2407 859 2478 εἰνὶ
874 2407 939 2476 hab
962 2429 1029 2478 uno
1052 2405 1151 2479 latere
1169 2417 1260 2500 parte
1274 2409 1430 2482 horientis
1446 2421 1533 2485 terra
1553 2425 1658 2488 restra

243 2535 322 2608 iuris
344 2533 499 2606 nominati
522 2533 623 2604 saneti
645 2541 679 2604 et
702 2530 894 2605 venerabilis
917 2530 1016 2604 vestri
1038 2533 1236 2607 monasterii.
1261 2545 1352 2609 etex
1374 2537 1437 2610 alio
1451 2540 1551 2613 latere
1567 2551 1659 2636 parte

242 2661 412 2734 occidentis
440 2659 580 2754 corrigia
601 2665 708 2732 vestra
731 2680 832 2752 quam
854 2657 988 2730 interius
1010 2681 1071 2751 pro
1094 2657 1178 2732 hanc
1200 2664 1451 2738 oommutatione
1474 2669 1583 2764 accepi
1605 2671 1657 2742 si-

239 2789 304 2861 auti
317 2787 400 2858 inter
414 2809 448 2858 se
462 2795 604 2880 quatuor
617 2782 768 2856 termines
782 2783 950 2877 posuimus
965 2783 1115 2858 finiendo.
1132 2787 1172 2858 de
1195 2810 1262 2860 uno
1285 2789 1388 2884 capite
1412 2801 1503 2886 parte
1525 2803 1659 2890 septen·

237 2914 352 2985 trionis
375 2919 425 2984 est
446 2911 587 3004 egripus.
609 2913 659 2981 De
693 2910 756 2982 alio
779 2911 883 3006 eapite
906 2919 997 3004 parte
1019 2913 1196 2986 meridiana
1227 2927 1303 2989 sunt
1329 2919 1487 3012 parietine
1510 2923 1660 3015 quisunt

238 3038 322 3110 inter
353 3036 419 3108 lroo
443 3045 476 3106 et
499 3035 583 3105 inter
606 3043 690 3106 terra
713 3034 793 3106 iuris
818 3035 950 3108 ecelesia
974 3044 1079 3108 vestra
1114 3037 1273 3111 vocabulo
1297 3041 1398 3115 sancti
1429 3042 1513 3136 pelli
1539 3043 1578 3114 de
1600 3043 1659 3114 in-

238 3169 289 3230 tus
322 3168 427 3232 castro
449 3155 657 3252 putheolano.
683 3156 723 3228 de
745 3180 811 3252 qus
834 3157 916 3230 nihil
939 3157 1021 3228 mihi
1043 3159 1129 3230 intus
1163 3163 1344 3236 nominatas
1367 3163 1568 3238 coherentias
1601 3169 1659 3240 ali·

238 3282 328 3378 quod
354 3281 507 3354 remansit
530 3289 586 3354 aut
608 3281 771 3354 reservavi
794 3305 855 3376 nee
877 3282 912 3352 in
935 3280 1072 3352 alienam
1102 3303 1274 3375 personam
1296 3288 1445 3356 commisi
1467 3299 1652 3380 potestate:

238 3408 286 3479 Ita
311 3422 348 3478 ut
370 3405 414 3478 ha
445 3428 533 3478 nuno
556 3414 589 3476 et
612 3403 762 3500 deinceps
796 3404 960 3476 nominata
995 3405 1120 3501 integra¹
1150 3406 1291 3502 corrigia
1314 3407 1355 3479 da
1379 3417 1466 3482 terra
1491 3433 1563 3482 mea
1589 3434 1654 3505 qua

240 3543 375 3608 roratur
395 3535 447 3606 ad
480 3531 621 3606 senauba
652 3533 713 3604 sita
739 3532 774 3603 in
807 3531 987 3624 putheolim
1015 3555 1090 3604 oum
1113 3534 1340 3608 erroribus'et
1362 3533 1534 3606 introitum
1556 3559 1654 3611 suum

238 3659 453 3754 omnibusque
483 3658 545 3730 sivi
567 3655 811 3750 pertinentibus.
845 3655 932 3726 unde
958 3653 1041 3724 nihil
1062 3655 1145 3726 mihi
1168 3657 1286 3728 exinde
1308 3657 1473 3728 reservari
1495 3669 1655 3753 quatenus

235 3807 293 3882 per
315 3782 497 3856 nominatas
525 3779 725 3852 ooherentias
748 3777 842 3850 vohis
864 3801 903 3848 ea
924 3777 1087 3848 insinuari
1118 3785 1168 3850 set
1190 3779 1226 3850 in
1248 3779 1376 3874 integro
1397 3781 1482 3854 sieut
1505 3786 1653 3880 superius

237 3912 358 4006 legitur
382 3931 401 3978 a
424 3928 478 3982 me
500 3905 595 3980 robis
626 3907 669 3978 sit
702 3913 899 3976 commutata
928 3915 961 3978 et
983 3906 1100 3978 tradita
1122 3907 1158 3977 in
1182 3915 1288 3978 vestra
1310 3909 1512 4004 posterisque
1535 3914 1652 3986 vestris

235 4034 466 4128 nominatoque
493 4040 604 4104 sancto
635 4037 668 4102 et
696 4029 873 4102 renusbili
900 4037 1008 4102 vestro
1032 4027 1228 4102 monasterio
1250 4027 1315 4100 sint
1337 4039 1495 4126 potestate
1518 4057 1649 4132 quaqua

237 4162 354 4236 exinde
381 4161 487 4234 facua
508 4157 686 4278 volueritis·
699 4179 827 4252 semper
848 4155 985 4230 lteram
1005 4154 1149 4230 habeatis
1170 4165 1347 4252 potestator
1371 4166 1405 4231 et
1427 4184 1570 4258 nequea
1596 4188 1651 4240 me

238 4292 405 4364 nomimto
420 4287 572 4385 gregorio
586 4309 692 4383 neque
709 4310 728 4357 a
743 4284 823 4358 meis
838 4283 1011 4360 heredibus
1024 4285 1115 4358 nullo
1131 4293 1276 4382 tempore
1299 4309 1476 4382 numquam
1499 4313 1558 4362 vos
1581 4315 1649 4364 no·

239 4420 379 4494 minatus
401 4417 550 4492 dominus
572 4416 697 4510 sergius
719 4415 910 4488 venerabilis
928 4416 1101 4510 igumenus
1123 4424 1180 4488 aut
1202 4415 1339 4510 posteris
1361 4419 1476 4490 vestris
1498 4444 1559 4492 neo
1581 4445 1650 4495 no-

237 4547 378 4620 minatus
400 4551 526 4616 sanetus
541 4551 574 4615 et
588 4539 779 4614 venerabilis
800 4540 905 4612 hester
929 4541 1143 4612 monasterius
1166 4543 1255 4635 quod
1271 4541 1352 4611 ahsit
1367 4541 1511 4618 habeatis
1533 4549 1649 4623 exinde

238 4668 413 4766 aliquando
434 4689 639 4764 quacumque
660 4665 871 4762 requisitione
894 4673 951 4736 aut
973 4665 1119 4736 molestia
1142 4689 1201 4761 per
1222 4667 1348 4740 nullum
1365 4672 1500 4743 modum
1514 4698 1574 4746 nee
1589 4701 1648 4770 per

240 4794 418 4871 summissis
448 4793 593 4888 personis
624 4793 668 4866 ha
690 4813 777 4863 nuno
800 4799 834 4862 et
856 4791 891 4861 in
914 4791 1077 4885 perpetuis
1098 4791 1308 4885 temporibus.
1338 4803 1582 4894 propterquod
1606 4797 1647 4878 ad

239 4920 346 4996 ricem
369 4917 405 4992 in
427 4915 699 4990 commutationis·
718 4913 1086 5012 reeompemationisque
1110 4917 1219 5014 accepi
1242 4941 1262 4992 a
1284 4918 1378 4995 robis
1398 4923 1564 5000 nominata
1588 4925 1648 5001 in-
