4900 6528
888 660 1032 760 (err)

238 813 448 912 tenporibus.
473 809 721 908 lumperomni
751 812 1656 926 tomporeegoothereriesmeisrolisposterisque.

237 950 353 1022 vestris
375 951 620 1048 memoratoque
643 948 753 1014 saneto
776 946 886 1013 nostru
909 939 1104 1015 menone
1127 941 1169 1012 sb
1188 945 1307 1020 omnis.
1331 943 1480 1022 homines
1502 953 1658 1050 omnique

237 1093 388 1168 personne
410 1072 446 1144 in
468 1066 1229 1146 omfflmmeetdefensesdebemue
1255 1076 1656 1168 proeoquodsrlpieem

238 1196 273 1268 in
296 1193 581 1268 eommutotionem
594 1192 965 1290 reeompensetionisque
979 1193 1087 1288 seoepi
1100 1193 1229 1268 evonis
1252 1193 1337 1268 lder
1350 1195 1476 1292 integre
1489 1214 1554 1274 une
1570 1209 1657 1276 terre

238 1315 319 1390 iuris
342 1317 513 1390 momenti
536 1313 637 1389 suncti
651 1315 751 1389 vestri
773 1315 959 1389 monosterii
973 1315 1032 1412 qui
1047 1317 1233 1390 nominetur
1256 1318 1296 1392 ad
1320 1341 1432 1414 oyrsss
1453 1322 1557 1416 posits
1580 1345 1660 1396 vero

236 1445 273 1516 in
296 1445 368 1516 loeo
390 1444 450 1540 qui
472 1451 609 1518 rosetus
631 1443 779 1517 eranum
810 1465 877 1542 que
907 1441 943 1516 in
974 1451 1154 1516 memorato
1181 1453 1292 1516 ssnoto
1320 1456 1429 1518 restro
1459 1451 1654 1524 monasterio

235 1571 368 1646 obbenit
389 1593 448 1668 per
470 1571 663 1666 dispositum
683 1573 848 1669 quondam
870 1571 958 1646 leoni
981 1570 1049 1644 lilio
1064 1571 1229 1670 quondam
1243 1569 1391 1644 iohannis
1415 1583 1448 1646 et
1471 1577 1574 1650 maris
1597 1581 1658 1652 iu·

235 1681 334 1796 gules
356 1721 432 1773 oum
455 1697 626 1772 erroribus
639 1705 673 1771 et
686 1696 855 1772 introitum
878 1720 976 1772 suum
999 1695 1226 1794 omnibusque.
1249 1697 1297 1770 eis
1321 1700 1563 1794 pertinentibus.
1589 1704 1651 1778 hn-

234 1827 331 1902 bente
354 1827 426 1900 finis
448 1825 512 1899 hals
535 1847 603 1898 uno
631 1825 731 1900 lutere
759 1837 851 1922 perte
882 1823 1040 1899 horientis
1069 1833 1157 1898 terre
1186 1825 1318 1899 eoelesio
1357 1837 1464 1901 sancte
1497 1831 1658 1904 fortunate

234 1965 268 2029 et
291 1955 388 2029 henes
408 1955 456 2027 ibi
478 1953 519 2026 sle
541 1953 744 2052 longitudine
766 1953 851 2050 pessi
882 1953 1084 2048 septuaginta
1107 1961 1249 2050 quatuor
1271 1955 1380 2028 minus
1403 1956 1497 2029 tertis
1520 1957 1559 2029 do
1582 1981 1659 2053 pes·

234 2103 320 2154 suun.
354 2083 395 2154 de
426 2080 490 2153 nlo
521 2081 620 2155 latere
650 2089 742 2177 perte
775 2079 972 2154 hoccidentis
1006 2087 1093 2153 terre
1123 2081 1266 2176 gregorii
1298 2081 1366 2156 lilio
1397 2081 1522 2158 domini
1545 2086 1659 2157 cesarii

234 2210 340 2282 roinni
363 2209 500 2284 habente
522 2209 569 2282 ibi
591 2211 676 2304 possi
707 2209 909 2305 septuaginta
939 2209 1086 2306 quinque
1113 2208 1223 2282 minus
1249 2211 1344 2282 tertia
1367 2211 1407 2282 rie
1431 2231 1573 2304 passum.
1608 2213 1659 2284 De

234 2337 430 2431 uuoerpite
453 2345 543 2429 parte
576 2322 751 2406 memiana
783 2347 871 2407 terre
904 2336 1093 2408 monasterii
1124 2345 1310 2410 sanctorum
1339 2339 1412 2410 festi
1443 2347 1477 2410 et
1511 2338 1660 2412 desiderii

233 2457 416 2552 puellarum
440 2457 575 2530 domini.
601 2463 635 2528 et
656 2455 754 2526 hehet
776 2455 822 2526 ibi
845 2457 886 2528 de
909 2457 1077 2532 latitudine
1100 2461 1185 2553 passi
1199 2461 1315 2556 viginti
1330 2487 1444 2536 unum.
1471 2472 1569 2537 etex
1593 2462 1658 2534 alio

234 2585 340 2680 cupite
369 2594 458 2678 porte
490 2583 726 2678 septemtrionis
757 2587 844 2655 terre
875 2582 982 2678 sergii.
1014 2595 1047 2658 et
1078 2587 1227 2658 theodori
1262 2592 1423 2683 germanis
1456 2592 1660 2688 mmpesnriis

232 2711 348 2805 ibique
370 2711 466 2783 hebet
487 2712 570 2805 pessi
604 2711 716 2784 desem
747 2719 780 2783 et
806 2719 929 2806 septem
958 2713 1127 2785 memorati
1151 2737 1230 2787 vero
1253 2717 1338 2810 pessi
1361 2727 1435 2790 sunt
1466 2719 1660 2794 mensuratis

232 2840 275 2912 ed
301 2861 430 2934 pessum
461 2847 567 2912 sancte
601 2838 967 2934 neapolioneeoeleeie.
991 2839 1129 2936 Deque
1156 2839 1238 2913 nihil
1261 2843 1354 2914 vobis
1378 2845 1495 2917 exinde
1527 2845 1659 2941 aliquod

230 2966 428 3040 reserhrstis.
452 2965 547 3038 sicuti
562 2973 595 3038 et
608 2967 775 3060 quomodo
797 2965 940 3040 eontinet
963 2989 1037 3040 mes
1051 2968 1197 3052 chartula
1212 2971 1471 3044 commutationis
1486 2993 1586 3066 quam
1600 2993 1659 3042 vos

231 3089 319 3162 mihi
333 3090 449 3164 exinde
463 3091 650 3185 impresenti
664 3091 791 3164 lecistis
807 3093 843 3164 in
858 3115 990 3168 omnem
1006 3093 1278 3168 deliberationem.
1298 3093 1446 3178 Quirite
1462 3095 1549 3167 inser
1564 3094 1658 3168 nobis

232 3215 409 3287 combenit.
426 3215 455 3286 si
471 3197 584 3289 eutem'
602 3237 664 3311 ego
687 3225 743 3289 eut
765 3217 898 3290 heredes
921 3217 1003 3290 meis
1026 3219 1143 3314 quovis
1168 3226 1312 3312 tempore
1335 3230 1446 3291 eontra
1469 3219 1554 3291 hono
1577 3241 1655 3290 car-

232 3347 341 3435 tulam
365 3346 625 3420 commutationis
639 3353 678 3420 ut
692 3367 790 3442 super
803 3347 924 3442 legitur
937 3347 1048 3418 venire
1066 3345 1334 3440 presumserimus
1351 3353 1384 3416 et
1397 3345 1531 3418 minime
1548 3345 1660 3418 edim-

232 3477 432 3573 pleverimus
454 3474 514 3548 heo
537 3473 648 3546 omnin
672 3480 866 3547 memorans
879 3481 912 3545 et
929 3471 964 3543 in
979 3469 1103 3566 aliquid
1126 3468 1354 3542 offenderimus
1377 3491 1436 3563 per
1451 3469 1567 3564 quovis
1584 3491 1659 3541 mo·

232 3601 316 3676 dum
340 3610 396 3673 rut
410 3623 468 3694 per
482 3600 661 3674 summissis
683 3599 827 3692 personis
849 3605 928 3672 tuno
951 3595 1175 3690 componimus
1196 3593 1289 3668 robis
1311 3592 1523 3688 posterisque.
1543 3595 1658 3666 vestris

231 3736 481 3821 memoratoque
504 3733 614 3796 sonoto
644 3733 754 3797 vestro
780 3723 976 3796 monasterio
998 3721 1070 3794 nuri
1094 3721 1212 3794 solidos
1248 3719 1365 3816 viginti
1397 3719 1600 3816 bythiunteos
1624 3729 1658 3796 et

232 3857 299 3929 lneo
322 3853 466 3924 mertula
488 3861 526 3925 ut
548 3873 645 3946 super
667 3851 787 3946 legitur
818 3849 861 3922 sit
884 3851 993 3922 firmes
1022 3847 1281 3944 imperpetuum:
1308 3847 1440 3942 scriptos
1462 3869 1521 3941 per
1544 3867 1659 3918 munus

230 3979 320 4074 petri
351 3976 481 4048 ouriefis
509 3975 649 4049 seribere
670 3975 859 4068 rogavimus
887 3999 945 4070 per
968 3983 1143 4046 memoratu
1167 3976 1306 4047 secunda
1329 3973 1485 4045 inditione
1507 3972 1540 4067 †

335 4108 398 4180 lnoc
421 4106 549 4200 signum
565 4103 725 4200 †mnnus
747 4103 919 4177 memorati
935 4105 1019 4200 petri
1034 4127 1109 4178 oum
1135 4125 1326 4177 eonsensum
1349 4109 1527 4174 memorate
1540 4101 1661 4174 morire

235 4235 422 4332 posteriore
437 4229 568 4326 coniugi
592 4229 763 4326 mequod
787 4252 849 4325 ego
872 4229 931 4327 qui
953 4240 1149 4305 memoratos
1084 4251 1233 4352 *pro
1255 4231 1305 4312 eis
1325 4223 1628 4323 subscripsi†

335 4358 479 4456 †nro
508 4334 562 4433 so
593 4367 769 4434 oneroso
808 4367 871 4432 An
909 4367 1044 4434 suom
1081 4333 1177 4434 nno-'ri
1217 4359 1445 4427 rorArorc
1475 4359 1506 4425 A
1533 4362 1664 4498 coroc
1761 4365 1767 4376 ·

233 4497 455 4564 rorrAAno
492 4495 617 4560 suom
652 4480 819 4577 corn†

334 4607 477 4702 †rsr0
500 4586 553 4684 fe
577 4617 751 4683 osnlo‘rc
782 4617 845 4682 ΔΝ
867 4615 1041 4682 xEcAPu
1062 4611 1289 4680 PorATost:
1311 4609 1341 4676 A
1363 4579 1492 4680 c'ffr‘oc
1514 4609 1663 4680 losrA·

233 4745 325 4816 nnc
355 4740 480 4808 ruem
509 4712 674 4822 ΓοτΒῒ

834 4964 1080 5002 «80100811,-
