4854 6528
1344 690 1485 792 (rte)

703 855 816 930 rientis
838 871 943 948 usquo
966 849 1007 923 ad
1031 845 1168 922 termine
1191 848 1251 944 qui
1274 852 1322 922 est
1345 867 1437 921 secus
1467 844 1580 920 eadem
1603 843 1657 917 via
1680 838 1802 938 publici
1832 842 1918 917 inter
1950 845 2020 942 ipsa
2042 853 2129 922 terra

702 989 810 1056 verua
833 987 866 1051 et
888 977 973 1048 inter
1007 973 1115 1068 ipsum
1147 971 1237 1068 quod
1259 971 1342 1045 mibi
1377 967 1553 1046 resorberi.
1579 968 1712 1044 lusimnl
1745 989 1826 1042 vcro
1848 973 2021 1046 memorati
2043 977 2128 1070 passi

703 1115 780 1180 sunt
803 1101 980 1179 mensurati
995 1099 1036 1172 ad
1051 1121 1182 1194 pessum
1204 1101 1347 1174 ferreum
1369 1103 1477 1170 sancte
1499 1095 1700 1193 ncapobtano
1714 1093 1884 1170 ecolesieer
1901 1097 1952 1171 De
1967 1121 2033 1196 qne
2047 1101 2129 1176 nihil

705 1233 789 1308 mihi
813 1234 901 1306 intus
914 1236 1107 1302 memoratos
1129 1226 1329 1300 mucronum
1352 1225 1506 1300 remansit
1521 1233 1577 1297 aut
1592 1225 1755 1328 reservavi
1769 1249 1830 1298 nec
1845 1225 1881 1298 in
1895 1225 2036 1302 alienam
2051 1253 2133 1326 per·
2212 1277 2214 1280 -

706 1381 819 1432 sonam
844 1333 992 1430 comr'nisi
1015 1358 1213 1449 potestatem.
1229 1352 1277 1420 ita
1300 1357 1338 1421 ut
1360 1348 1404 1420 he
1426 1357 1569 1422 nuncet
1591 1350 1740 1446 deinceps
1755 1363 1971 1426 memoratum
1985 1377 2028 1428 en
2043 1365 2135 1450 purte

705 1509 748 1558 ex
770 1486 878 1578 ipsum
900 1499 1053 1572 campum
1075 1474 1246 1549 memorati
1268 1474 1334 1548 viri
1348 1475 1414 1548 mei
1429 1474 1488 1572 qui
1502 1485 1638 1550 vocatur
1654 1499 1727 1552 casa
1741 1478 1837 1556 onus
1851 1480 1951 1552 situm
1965 1481 2000 1554 in
2014 1493 2134 1578 quarto

704 1614 829 1686 maiore
852 1607 940 1703 quod
963 1613 1012 1678 est
1033 1605 1069 1676 in
1092 1625 1221 1697 gemme
1244 1626 1320 1678 cum
1343 1604 1477 1680 introito
1492 1627 1553 1680 suo
1569 1605 1783 1704 omnibusque
1805 1608 1869 1681 sivi
1891 1610 2133 1705 pertinentibus.

707 1737 793 1812 unde
816 1729 900 1804 nibil
921 1727 1006 1802 mibi
1028 1728 1147 1802 exinde
1168 1729 1323 1802 remansit
1335 1737 1392 1803 ant
1405 1728 1568 1806 resorberi
1582 1739 1741 1830 quatem
1762 1755 1822 1828 per
1836 1733 1921 1828 ipm
1935 1733 2135 1809 coherenties

707 1873 740 1938 et
761 1881 821 1954 por
834 1860 921 1953 ipsos
943 1857 1095 1932 termines
1117 1865 1150 1928 et
1171 1877 1230 1951 per
1251 1866 1448 1932 memoratos
1469 1881 1579 1955 passos
1600 1859 1694 1934 robis
1709 1881 1786 1934 oum
1800 1861 1961 1934 insinuavi
1976 1861 2060 1935 siem
2073 1879 2136 1934 su·

706 1982 815 2080 porins
838 1979 956 2074 legitur
978 1999 1066 2054 amo
1089 1977 1184 2052 robis
1206 1991 1240 2054 et
1261 2002 1321 2077 per
1343 2003 1403 2055 ros
1425 1981 1462 2054 in
1483 1992 1663 2057 memorato
1685 1993 1795 2058 sancto
1818 1992 1851 2058 et
1872 1983 2048 2060 venerabili
2071 2009 2136 2060 ve·

706 2115 774 2182 stro
797 2105 992 2182 monasterio
1014 2105 1078 2180 sint
1100 2105 1246 2182 oblatum
1267 2115 1302 2184 et
1323 2109 1480 2184 traditum
1503 2110 1540 2184 in
1561 2121 1668 2186 restra
1701 2113 1903 2210 posterisque
1936 2113 2051 2188 restris
2072 2115 2139 2188 siut

707 2243 898 2330 potestatem
921 2231 1080 2330 quidquid
1103 2233 1221 2308 exinde
1242 2235 1349 2308 iecere
1371 2234 1551 2310 volueritis.
1569 2245 1603 2310 et
1624 2260 1731 2334 neque
1746 2263 1766 2310 a
1779 2259 1833 2312 me
1847 2241 2138 2314 memoratamaria

707 2361 842 2434 honesta
864 2362 983 2436 iemiua
1004 2384 1112 2458 nequo
1134 2386 1154 2434 e
1176 2361 1259 2437 meis
1279 2361 1454 2438 heredibus
1485 2365 1576 2438 nullo
1599 2373 1745 2462 tempore
1775 2387 1956 2464 numquam
1979 2389 2038 2440 vos
2061 2388 2138 2442 me·

707 2496 852 2562 monebis
874 2489 1025 2564 dominus
1047 2489 1173 2584 sergius
1194 2490 1387 2565 venerabilis
1409 2491 1581 2587 igummus
1603 2499 1660 2564 aut
1681 2493 1818 2587 posteris
1840 2493 1955 2568 restris
1977 2516 2038 2568 uec
2060 2515 2140 2570 me-

707 2623 853 2688 moratus
874 2623 1002 2690 sanchrs
1024 2625 1058 2690 et
1080 2615 1271 2692 venmobilis
1292 2617 1399 2693 beer
1420 2617 1634 2692 monasterius
1656 2621 1747 2716 qnod
1761 2619 1844 2694 absit
1856 2620 2000 2696 habeon
2022 2621 2141 2696 exinde

712 2739 886 2836 aliquando
910 2762 1118 2839 quacumque
1147 2739 1394 2838 requisitionem
1424 2747 1482 2814 aut
1504 2740 1651 2814 molcob'a
1674 2763 1734 2838 ρετ
1759 2742 1888 2818 nubum
1921 2743 2056 2818 modum
2078 2765 2140 2820 nec

709 2891 769 2964 per
792 2869 968 2943 summissis
990 2870 1136 2966 personis
1157 2869 1203 2944 ha
1225 2892 1313 2945 nnnc
1335 2877 1370 2946 et
1392 2869 1605 2967 imperpetun
1626 2869 1890 2967 temporibuseo
1905 2871 1996 2968 quod
2018 2871 2143 2950 nomini

709 3004 882 3078 memorati
904 3004 969 3076 uiri
991 3004 1058 3078 mei
1078 3003 1219 3080 scribere
1233 3003 1357 3101 dignati
1379 3003 1455 3076 ostis
1469 3000 1505 3074 in
1520 3021 1612 3074 sacro
1634 2999 1782 3098 dyptioos
1795 3002 1897 3098 ipsius
1912 3002 2013 3076 saneti
2028 3009 2061 3076 ct
2074 3023 2140 3077 se·

710 3129 862 3204 nerrbiiis
885 3132 985 3204 vestri
1005 3131 1205 3206 monasterii.
1230 3131 1267 3204 iu
1287 3151 1420 3206 omnem
1441 3129 1603 3202 decisione
1623 3150 1683 3202 sen
1704 3129 1981 3204 deliberationem.
2000 3150 2140 3204 rerum·

711 3267 820 3332 temen
843 3257 980 3332 adfirmo
1002 3257 1156 3330 vobisut
1178 3259 1207 3330 si
1228 3256 1347 3354 quovis
1381 3265 1528 3350 tempore
1550 3273 1610 3328 sos
1633 3261 1691 3327 ant
1712 3255 1849 3350 posteris
1872 3258 1987 3332 neruis
2020 3257 2141 3334 exinde

711 3379 888 3477 quesierint
909 3379 991 3454 filias
1013 3401 1102 3454 meas
1124 3387 1182 3454 out
1204 3400 1319 3453 earum
1341 3377 1514 3452 heredibus
1536 3385 1613 3452 tunc
1635 3377 1797 3452 licentiam
1811 3387 1845 3452 ot
1867 3391 2055 3477 poteshtun
2071 3383 2141 3456 ba·

711 3509 813 3599 beads
835 3530 895 3582 vos
917 3517 951 3582 et
972 3509 1108 3604 posteris
1131 3507 1246 3580 vestris
1267 3504 1484 3602 appreendere
1505 3511 1539 3580 et
1560 3524 1621 3579 sos
1642 3512 1821 3580 restaurare
1844 3507 1880 3581 in
1901 3509 2059 3604 dupplnm
2081 3529 2140 3606 ρετ

714 3633 928 3729 appretiatum
951 3632 992 3706 de
1008 3650 1140 3705 omnem
1155 3649 1229 3703 meu
1242 3627 1452 3704 hereditatm
1466 3649 1525 3704 seu
1536 3626 1713 3704 substantia
1728 3629 1786 3706 nbi
1799 3629 1967 3707 nolueritis
1982 3645 2016 3706 et
2031 3631 2141 3729 ipsum
2215 3637 2220 3642 '

713 3765 803 3860 quod
824 3763 941 3837 exinde
964 3759 1207 3858 appreenseritis
1229 3765 1267 3834 nt
1281 3779 1380 3854 super
1392 3756 1513 3854 legitur
1534 3758 1571 3832 in
1591 3765 1700 3834 verbe
1720 3759 1920 3860 posterisque
1943 3761 2058 3834 nestris
2072 3759 2138 3836 sint

712 3896 902 3985 potestatem
925 3889 1087 3986 quidquid
1110 3887 1228 3962 exinde
1251 3887 1357 3962 iecere
1372 3885 1561 3961 ¹volueritis.
1590 3885 1678 3974 Quia
1700 3887 1747 3960 ita
1768 3887 1862 3962 nobis
1883 3887 2082 3983 complacui:
2101 3889 2138 3964 Si

713 4023 823 4088 summ
846 4035 906 4086 nos
929 4023 986 4086 aut
1006 4014 1140 4090 herodes
1161 4016 1281 4089 nostris
1303 4014 1423 4112 quouis
1445 4024 1592 4109 tompore
1616 4022 1728 4087 contro
1741 4015 1826 4088 hane
1840 4014 2021 4089 chartulam
2035 4013 2138 4088 oue-

713 4139 811 4214 tionis
834 4147 872 4211 ut
893 4159 991 4234 super
1012 4139 1132 4236 legitur
1153 4141 1265 4216 venire
1288 4139 1554 4236 presumserimus
1576 4160 1637 4234 por
1658 4137 1777 4236 quovis
1798 4140 1935 4215 modurn
1958 4151 2015 4214 eut
2036 4161 2134 4216 snm·

714 4263 822 4337 missis
845 4264 999 4359 personis.
1014 4271 1093 4340 tunc
1115 4263 1341 4361 componimus
1362 4261 1457 4337 robis
1479 4261 1681 4359 posterisque
1704 4265 1820 4338 nothis
1842 4265 1914 4338 euri
1936 4265 2055 4340 solidos
2078 4263 2136 4338 vi·

713 4389 795 4484 giuti
817 4388 1033 4486 bythiouteos.
1058 4401 1092 4466 et
1113 4390 1175 4462 bec
1197 4387 1344 4461 ebemuh
1365 4385 1505 4484 qualiter
1525 4387 1669 4464 continet
1690 4387 1733 4462 sit
1754 4387 1849 4462 firma
1879 4391 2134 4487 imperpetuum.

714 4517 832 4609 scripta
855 4539 914 4609 per
936 4537 1052 4593 nunnus
1073 4513 1207 4590 iohanni
1228 4509 1360 4586 curialis
1381 4533 1441 4610 per
1462 4511 1638 4588 indictione
1660 4522 1838 4590 memoratu
1861 4513 1987 4588 decima
2010 4514 2043 4610 †

808 4641 881 4714 Hoc
903 4643 1032 4736 signum
1055 4637 1087 4737 †'
1109 4665 1225 4718 manus
1247 4649 1426 4716 mamone
1447 4639 1569 4716 mariae
1583 4639 1717 4716 bonorto
1739 4639 1858 4718 iemine
1880 4641 1971 4738 quod
1993 4663 2057 4739 ego
2079 4643 2138 4739 qui

717 4777 913 4842 memoretur
936 4791 997 4863 ρτο
1020 4793 1059 4840 en
1082 4771 1256 4867 subscripsi
1279 4769 1312 4866 †

809 4889 927 4987 †ego
949 4893 1002 4969 leo
1025 4891 1111 4966 tilius
1142 4895 1267 4972 domiui
1296 4897 1446 4974 iobonnis
1479 4904 1612 4994 rogatus
1633 4917 1654 4968 a
1675 4887 1892 4993 suprascripta
1922 4895 2026 4976 moria
2062 4897 2137 4976 testi

716 5019 889 5116 subscripsi
911 5017 943 5114 †
