<?xml version="1.0" encoding="UTF-8"?>
<!DOCTYPE html PUBLIC "-//W3C//DTD XHTML 1.0 Transitional//EN"
    "http://www.w3.org/TR/xhtml1/DTD/xhtml1-transitional.dtd">
<html xmlns="http://www.w3.org/1999/xhtml" xml:lang="en" lang="en">
 <head>
  <title>
</title>
<meta http-equiv="Content-Type" content="text/html;charset=utf-8" />
  <meta name='ocr-system' content='tesseract 3.04.00' />
  <meta name='ocr-capabilities' content='ocr_page ocr_carea ocr_par ocr_line ocrx_word'/>
</head>
<body>
  <div class='ocr_page' id='page_1' title='image "./monumentaeditaa02napogoog_0127.png"; bbox 0 0 4876 6532; ppageno 0'>
   <div class='ocr_carea' id='block_1_1' title="bbox 1399 668 1590 763">
    <p class='ocr_par' dir='ltr' id='par_1_1' title="bbox 1399 668 1590 763">
     <span class='ocr_line' id='line_1_1' title="bbox 1399 668 1590 763; baseline -0.047 -23"><span class='ocrx_word' id='word_1_1' title='bbox 1399 668 1590 763; x_wconf 67' lang='lat'>(90),</span> 
     </span>
    </p>
   </div>
   <div class='ocr_carea' id='block_1_2' title="bbox 1408 957 1523 1029">
    <p class='ocr_par' dir='ltr' id='par_1_2' title="bbox 1408 957 1523 1029">
     <span class='ocr_line' id='line_1_2' title="bbox 1408 957 1523 1029; baseline 0.009 -1"><span class='ocrx_word' id='word_1_2' title='bbox 1408 957 1523 1029; x_wconf 83' lang='lat' dir='ltr'><strong>XClll.</strong></span> 
     </span>
    </p>
   </div>
   <div class='ocr_carea' id='block_1_3' title="bbox 605 1213 2262 5096">
    <p class='ocr_par' dir='ltr' id='par_1_3' title="bbox 605 1213 2180 2324">
     <span class='ocr_line' id='line_1_3' title="bbox 630 1213 2180 1316; baseline 0.004 -29"><span class='ocrx_word' id='word_1_3' title='bbox 630 1243 684 1288; x_wconf 81' lang='lat' dir='ltr'><strong>an.</strong></span> <span class='ocrx_word' id='word_1_4' title='bbox 848 1219 879 1316; x_wconf 89' lang='lat'>†</span> <span class='ocrx_word' id='word_1_5' title='bbox 902 1221 939 1293; x_wconf 95' lang='lat' dir='ltr'><strong>ln</strong></span> <span class='ocrx_word' id='word_1_6' title='bbox 962 1221 1094 1296; x_wconf 88' lang='lat' dir='ltr'><strong>nomine</strong></span> <span class='ocrx_word' id='word_1_7' title='bbox 1118 1221 1244 1294; x_wconf 81' lang='lat' dir='ltr'><strong>alemini</strong></span> <span class='ocrx_word' id='word_1_8' title='bbox 1268 1219 1320 1292; x_wconf 88' lang='lat' dir='ltr'><strong>dei</strong></span> <span class='ocrx_word' id='word_1_9' title='bbox 1342 1217 1511 1290; x_wconf 85' lang='lat' dir='ltr'><strong>salvatoris</strong></span> <span class='ocrx_word' id='word_1_10' title='bbox 1533 1215 1637 1288; x_wconf 83' lang='lat' dir='ltr'><strong>nostri</strong></span> <span class='ocrx_word' id='word_1_11' title='bbox 1657 1215 1755 1290; x_wconf 89' lang='lat' dir='ltr'><strong>lhesn</strong></span> <span class='ocrx_word' id='word_1_12' title='bbox 1772 1213 1894 1289; x_wconf 76' lang='lat' dir='ltr'>Christi</span> <span class='ocrx_word' id='word_1_13' title='bbox 1909 1219 2091 1313; x_wconf 71' lang='lat' dir='ltr'><strong>imperante</strong></span> <span class='ocrx_word' id='word_1_14' title='bbox 2115 1223 2180 1293; x_wconf 83' lang='lat' dir='ltr'><strong>(lo-</strong></span> 
     </span>
     <span class='ocr_line' id='line_1_4' title="bbox 605 1337 2179 1438; baseline -0.001 -16"><span class='ocrx_word' id='word_1_15' title='bbox 605 1359 694 1414; x_wconf 76' lang='lat'><strong>960·</strong></span> <span class='ocrx_word' id='word_1_16' title='bbox 753 1353 843 1423; x_wconf 91' lang='lat' dir='ltr'><strong>mino</strong></span> <span class='ocrx_word' id='word_1_17' title='bbox 866 1364 977 1423; x_wconf 90' lang='lat' dir='ltr'><strong>nostro</strong></span> <span class='ocrx_word' id='word_1_18' title='bbox 1001 1351 1149 1420; x_wconf 86' lang='lat' dir='ltr'><strong>Romano</strong></span> <span class='ocrx_word' id='word_1_19' title='bbox 1184 1361 1303 1438; x_wconf 85' lang='lat' dir='ltr'><strong>magno</strong></span> <span class='ocrx_word' id='word_1_20' title='bbox 1326 1348 1533 1438; x_wconf 70' lang='lat' dir='ltr'><strong>Imperatore</strong></span> <span class='ocrx_word' id='word_1_21' title='bbox 1553 1369 1638 1416; x_wconf 82' lang='lat' dir='ltr'><strong>enno</strong></span> <span class='ocrx_word' id='word_1_22' title='bbox 1658 1337 1892 1419; x_wconf 52' lang='lat' dir='ltr'><strong>&#39;sextodecimo</strong></span> <span class='ocrx_word' id='word_1_23' title='bbox 1922 1347 1978 1420; x_wconf 91' lang='lat' dir='ltr'><strong>sed</strong></span> <span class='ocrx_word' id='word_1_24' title='bbox 2008 1359 2041 1418; x_wconf 89' lang='lat' dir='ltr'><strong>et</strong></span> <span class='ocrx_word' id='word_1_25' title='bbox 2064 1349 2179 1420; x_wconf 84' lang='lat' dir='ltr'><strong>besilio</strong></span> 
     </span>
     <span class='ocr_line' id='line_1_5' title="bbox 752 1471 2178 1571; baseline -0.003 -23"><span class='ocrx_word' id='word_1_26' title='bbox 752 1499 872 1571; x_wconf 81' lang='lat' dir='ltr'><strong>magno</strong></span> <span class='ocrx_word' id='word_1_27' title='bbox 895 1477 1089 1566; x_wconf 76' lang='lat' dir='ltr'><strong>imperatore</strong></span> <span class='ocrx_word' id='word_1_28' title='bbox 1113 1473 1183 1556; x_wconf 82' lang='lat' dir='ltr'><strong>eius</strong></span> <span class='ocrx_word' id='word_1_29' title='bbox 1207 1471 1276 1540; x_wconf 86' lang='lat' dir='ltr'><strong>filio</strong></span> <span class='ocrx_word' id='word_1_30' title='bbox 1290 1471 1386 1540; x_wconf 67' lang='lat' dir='ltr'><strong>anno</strong></span> <span class='ocrx_word' id='word_1_31' title='bbox 1409 1471 1538 1566; x_wconf 82' lang='lat' dir='ltr'><strong>primo:</strong></span> <span class='ocrx_word' id='word_1_32' title='bbox 1564 1471 1618 1546; x_wconf 85' lang='lat' dir='ltr'><strong>tlie</strong></span> <span class='ocrx_word' id='word_1_33' title='bbox 1643 1471 1795 1544; x_wconf 82' lang='lat' dir='ltr'><strong>vicesima</strong></span> <span class='ocrx_word' id='word_1_34' title='bbox 1819 1473 1938 1543; x_wconf 88' lang='lat' dir='ltr'><strong>mensis</strong></span> <span class='ocrx_word' id='word_1_35' title='bbox 1961 1473 2097 1544; x_wconf 81' lang='lat' dir='ltr'><strong>octobrii</strong></span> <span class='ocrx_word' id='word_1_36' title='bbox 2118 1473 2178 1544; x_wconf 91' lang='lat' dir='ltr'><strong>in·</strong></span> 
     </span>
     <span class='ocr_line' id='line_1_6' title="bbox 752 1575 2176 1702; baseline -0.006 -25"><span class='ocrx_word' id='word_1_37' title='bbox 752 1583 893 1677; x_wconf 75' lang='lat' dir='ltr'><strong>dictione</strong></span> <span class='ocrx_word' id='word_1_38' title='bbox 916 1606 1032 1690; x_wconf 73' lang='lat' dir='ltr'><strong>quare</strong></span> <span class='ocrx_word' id='word_1_39' title='bbox 1059 1593 1186 1689; x_wconf 78' lang='lat' dir='ltr'><strong>neapoli</strong></span> <span class='ocrx_word' id='word_1_40' title='bbox 1194 1613 1207 1664; x_wconf 74' lang='lat' dir='ltr'><strong>&#39;t</strong></span> <span class='ocrx_word' id='word_1_41' title='bbox 1233 1593 1376 1668; x_wconf 74' lang='lat' dir='ltr'><strong>oentvr</strong></span> <span class='ocrx_word' id='word_1_42' title='bbox 1399 1619 1462 1690; x_wconf 72' lang='lat' dir='ltr'><strong>ego</strong></span> <span class='ocrx_word' id='word_1_43' title='bbox 1485 1593 1857 1702; x_wconf 64' lang='lat' dir='ltr'><strong>naetgnrngurataus</strong></span> <span class='ocrx_word' id='word_1_44' title='bbox 1881 1597 1985 1668; x_wconf 79' lang='lat' dir='ltr'><strong>nrum</strong></span> <span class='ocrx_word' id='word_1_45' title='bbox 2011 1575 2176 1690; x_wconf 74' lang='lat' dir='ltr'><strong>quendam</strong></span> 
     </span>
     <span class='ocr_line' id='line_1_7' title="bbox 755 1721 2179 1818; baseline -0.004 -17"><span class='ocrx_word' id='word_1_46' title='bbox 755 1722 1041 1801; x_wconf 85' lang='lat' dir='ltr'><strong>domini-lamberti</strong></span> <span class='ocrx_word' id='word_1_47' title='bbox 1055 1721 1246 1814; x_wconf 80' lang='lat' dir='ltr'><strong>langubardi</strong></span> <span class='ocrx_word' id='word_1_48' title='bbox 1261 1723 1486 1795; x_wconf 81' lang='lat' dir='ltr'><strong>benebenteni:</strong></span> <span class='ocrx_word' id='word_1_49' title='bbox 1511 1725 1681 1796; x_wconf 82' lang='lat' dir='ltr'><strong>vobiscum</strong></span> <span class='ocrx_word' id='word_1_50' title='bbox 1700 1721 1839 1818; x_wconf 87' lang='lat' dir='ltr'><strong>denique</strong></span> <span class='ocrx_word' id='word_1_51' title='bbox 1855 1721 2010 1816; x_wconf 86' lang='lat' dir='ltr'><strong>stephano</strong></span> <span class='ocrx_word' id='word_1_52' title='bbox 2026 1721 2096 1793; x_wconf 87' lang='lat' dir='ltr'><strong>lilio</strong></span> <span class='ocrx_word' id='word_1_53' title='bbox 2113 1723 2179 1794; x_wconf 89' lang='lat' dir='ltr'><strong>do-</strong></span> 
     </span>
     <span class='ocr_line' id='line_1_8' title="bbox 755 1835 2177 1942; baseline -0.001 -18"><span class='ocrx_word' id='word_1_54' title='bbox 755 1835 834 1924; x_wconf 73' lang='lat' dir='ltr'><strong>nin</strong></span> <span class='ocrx_word' id='word_1_55' title='bbox 851 1849 936 1918; x_wconf 72' lang='lat' dir='ltr'><strong>reon</strong></span> <span class='ocrx_word' id='word_1_56' title='bbox 952 1857 985 1919; x_wconf 72' lang='lat' dir='ltr'><strong>et</strong></span> <span class='ocrx_word' id='word_1_57' title='bbox 1009 1847 1098 1940; x_wconf 71' lang='lat' dir='ltr'><strong>pera</strong></span> <span class='ocrx_word' id='word_1_58' title='bbox 1121 1846 1256 1918; x_wconf 70' lang='lat' dir='ltr'><strong>honen</strong></span> <span class='ocrx_word' id='word_1_59' title='bbox 1279 1849 1399 1919; x_wconf 80' lang='lat' dir='ltr'><strong>femina</strong></span> <span class='ocrx_word' id='word_1_60' title='bbox 1423 1850 1491 1922; x_wconf 81' lang='lat' dir='ltr'><strong>ano</strong></span> <span class='ocrx_word' id='word_1_61' title='bbox 1514 1849 1637 1922; x_wconf 70' lang='lat' dir='ltr'><strong>nomin</strong></span> <span class='ocrx_word' id='word_1_62' title='bbox 1659 1849 1801 1942; x_wconf 72' lang='lat' dir='ltr'><strong>campan</strong></span> <span class='ocrx_word' id='word_1_63' title='bbox 1823 1851 1886 1920; x_wconf 71' lang='lat' dir='ltr'><strong>noe</strong></span> <span class='ocrx_word' id='word_1_64' title='bbox 1909 1862 1956 1921; x_wconf 71' lang='lat' dir='ltr'><strong>ea</strong></span> <span class='ocrx_word' id='word_1_65' title='bbox 1971 1849 2117 1940; x_wconf 74' lang='lat' dir='ltr'><strong>rugare:</strong></span> <span class='ocrx_word' id='word_1_66' title='bbox 2136 1849 2177 1922; x_wconf 72' lang='lat' dir='ltr'><strong>ae</strong></span> 
     </span>
     <span class='ocr_line' id='line_1_9' title="bbox 752 1973 2178 2070; baseline -0.003 -21"><span class='ocrx_word' id='word_1_67' title='bbox 752 1975 927 2049; x_wconf 87' lang='lat' dir='ltr'><strong>intentione</strong></span> <span class='ocrx_word' id='word_1_68' title='bbox 943 1997 1042 2068; x_wconf 84' lang='lat' dir='ltr'><strong>quem</strong></span> <span class='ocrx_word' id='word_1_69' title='bbox 1064 1973 1232 2046; x_wconf 85' lang='lat' dir='ltr'><strong>internos</strong></span> <span class='ocrx_word' id='word_1_70' title='bbox 1254 1973 1405 2046; x_wconf 85' lang='lat' dir='ltr'><strong>ahuimus</strong></span> <span class='ocrx_word' id='word_1_71' title='bbox 1435 1987 1579 2070; x_wconf 75' lang='lat' dir='ltr'><strong>&#39;propter‘</strong></span> <span class='ocrx_word' id='word_1_72' title='bbox 1607 1995 1760 2068; x_wconf 81' lang='lat' dir='ltr'><strong>campora</strong></span> <span class='ocrx_word' id='word_1_73' title='bbox 1783 1999 1847 2045; x_wconf 91' lang='lat' dir='ltr'><strong>una</strong></span> <span class='ocrx_word' id='word_1_74' title='bbox 1870 1998 1945 2046; x_wconf 86' lang='lat' dir='ltr'><strong>curn</strong></span> <span class='ocrx_word' id='word_1_75' title='bbox 1968 1975 2120 2046; x_wconf 82' lang='lat' dir='ltr'><strong>fundoras</strong></span> <span class='ocrx_word' id='word_1_76' title='bbox 2144 1985 2178 2048; x_wconf 92' lang='lat' dir='ltr'><strong>et</strong></span> 
     </span>
     <span class='ocr_line' id='line_1_10' title="bbox 753 2097 2177 2196; baseline -0.001 -22"><span class='ocrx_word' id='word_1_77' title='bbox 753 2101 904 2196; x_wconf 78' lang='lat' dir='ltr'><strong>pischinis</strong></span> <span class='ocrx_word' id='word_1_78' title='bbox 920 2123 978 2172; x_wconf 87' lang='lat' dir='ltr'><strong>seu</strong></span> <span class='ocrx_word' id='word_1_79' title='bbox 1000 2109 1098 2194; x_wconf 91' lang='lat' dir='ltr'><strong>putea</strong></span> <span class='ocrx_word' id='word_1_80' title='bbox 1117 2116 1154 2172; x_wconf 86' lang='lat' dir='ltr'><strong>et</strong></span> <span class='ocrx_word' id='word_1_81' title='bbox 1169 2119 1245 2170; x_wconf 87' lang='lat' dir='ltr'><strong>oum</strong></span> <span class='ocrx_word' id='word_1_82' title='bbox 1261 2097 1432 2172; x_wconf 87' lang='lat' dir='ltr'><strong>arvorihus</strong></span> <span class='ocrx_word' id='word_1_83' title='bbox 1454 2109 1487 2172; x_wconf 87' lang='lat' dir='ltr'><strong>et</strong></span> <span class='ocrx_word' id='word_1_84' title='bbox 1509 2099 1657 2172; x_wconf 76' lang='lat' dir='ltr'><strong>introires</strong></span> <span class='ocrx_word' id='word_1_85' title='bbox 1671 2123 1784 2172; x_wconf 88' lang='lat' dir='ltr'><strong>earum</strong></span> <span class='ocrx_word' id='word_1_86' title='bbox 1799 2109 1831 2173; x_wconf 90' lang='lat' dir='ltr'><strong>et</strong></span> <span class='ocrx_word' id='word_1_87' title='bbox 1847 2101 1997 2170; x_wconf 84' lang='lat' dir='ltr'><strong>omuibus</strong></span> <span class='ocrx_word' id='word_1_88' title='bbox 2016 2103 2062 2172; x_wconf 87' lang='lat' dir='ltr'><strong>eis</strong></span> <span class='ocrx_word' id='word_1_89' title='bbox 2079 2124 2177 2194; x_wconf 85' lang='lat' dir='ltr'><strong>gene-</strong></span> 
     </span>
     <span class='ocr_line' id='line_1_11' title="bbox 753 2227 2176 2324; baseline -0.001 -22"><span class='ocrx_word' id='word_1_90' title='bbox 753 2231 863 2302; x_wconf 86' lang='lat' dir='ltr'><strong>raliter</strong></span> <span class='ocrx_word' id='word_1_91' title='bbox 879 2239 912 2302; x_wconf 91' lang='lat' dir='ltr'><strong>et</strong></span> <span class='ocrx_word' id='word_1_92' title='bbox 925 2231 959 2301; x_wconf 93' lang='lat' dir='ltr'><strong>in</strong></span> <span class='ocrx_word' id='word_1_93' title='bbox 974 2233 1101 2324; x_wconf 82' lang='lat' dir='ltr'><strong>integro</strong></span> <span class='ocrx_word' id='word_1_94' title='bbox 1112 2229 1340 2321; x_wconf 81' lang='lat' dir='ltr'><strong>pertinentibus</strong></span> <span class='ocrx_word' id='word_1_95' title='bbox 1353 2230 1451 2322; x_wconf 90' lang='lat' dir='ltr'><strong>positi</strong></span> <span class='ocrx_word' id='word_1_96' title='bbox 1463 2251 1543 2301; x_wconf 84' lang='lat' dir='ltr'><strong>vero</strong></span> <span class='ocrx_word' id='word_1_97' title='bbox 1557 2229 1593 2299; x_wconf 91' lang='lat' dir='ltr'><strong>in</strong></span> <span class='ocrx_word' id='word_1_98' title='bbox 1607 2228 1680 2298; x_wconf 83' lang='lat' dir='ltr'><strong>loro</strong></span> <span class='ocrx_word' id='word_1_99' title='bbox 1695 2227 1754 2322; x_wconf 91' lang='lat' dir='ltr'><strong>qui</strong></span> <span class='ocrx_word' id='word_1_100' title='bbox 1768 2229 1953 2300; x_wconf 87' lang='lat' dir='ltr'><strong>nominatur</strong></span> <span class='ocrx_word' id='word_1_101' title='bbox 1969 2230 2176 2300; x_wconf 83' lang='lat' dir='ltr'><strong>amulianum</strong></span> 
     </span>
    </p>

    <p class='ocr_par' dir='ltr' id='par_1_4' title="bbox 753 2356 2231 3202">
     <span class='ocr_line' id='line_1_12' title="bbox 755 2356 2231 2462; baseline -0.002 -33"><span class='ocrx_word' id='word_1_102' title='bbox 755 2359 843 2454; x_wconf 87' lang='lat' dir='ltr'><strong>quod</strong></span> <span class='ocrx_word' id='word_1_103' title='bbox 860 2359 1118 2432; x_wconf 78' lang='lat' dir='ltr'><strong>sunnominatiha</strong></span> <span class='ocrx_word' id='word_1_104' title='bbox 1142 2381 1306 2452; x_wconf 84' lang='lat' dir='ltr'><strong>campora:</strong></span> <span class='ocrx_word' id='word_1_105' title='bbox 1324 2357 1362 2429; x_wconf 94' lang='lat' dir='ltr'><strong>ln</strong></span> <span class='ocrx_word' id='word_1_106' title='bbox 1382 2357 1498 2451; x_wconf 80' lang='lat' dir='ltr'><strong>primis</strong></span> <span class='ocrx_word' id='word_1_107' title='bbox 1520 2379 1672 2450; x_wconf 85' lang='lat' dir='ltr'><strong>campum</strong></span> <span class='ocrx_word' id='word_1_108' title='bbox 1685 2357 1744 2448; x_wconf 88' lang='lat' dir='ltr'><strong>qui</strong></span> <span class='ocrx_word' id='word_1_109' title='bbox 1758 2356 1943 2426; x_wconf 83' lang='lat' dir='ltr'><strong>nominetur</strong></span> <span class='ocrx_word' id='word_1_110' title='bbox 1958 2358 1998 2427; x_wconf 90' lang='lat' dir='ltr'><strong>de</strong></span> <span class='ocrx_word' id='word_1_111' title='bbox 2012 2379 2179 2428; x_wconf 86' lang='lat' dir='ltr'><strong>oauouur-</strong></span> <span class='ocrx_word' id='word_1_112' title='bbox 2225 2451 2231 2462; x_wconf 27' lang='grc' dir='ltr'>ι</span> 
     </span>
     <span class='ocr_line' id='line_1_13' title="bbox 754 2483 2181 2582; baseline -0.002 -25"><span class='ocrx_word' id='word_1_113' title='bbox 754 2510 827 2558; x_wconf 91' lang='lat' dir='ltr'><strong>sum</strong></span> <span class='ocrx_word' id='word_1_114' title='bbox 842 2499 875 2559; x_wconf 92' lang='lat' dir='ltr'><strong>et</strong></span> <span class='ocrx_word' id='word_1_115' title='bbox 898 2511 1048 2582; x_wconf 80' lang='lat' dir='ltr'><strong>campum</strong></span> <span class='ocrx_word' id='word_1_116' title='bbox 1072 2487 1131 2582; x_wconf 92' lang='lat' dir='ltr'><strong>qui</strong></span> <span class='ocrx_word' id='word_1_117' title='bbox 1154 2486 1341 2558; x_wconf 82' lang='lat' dir='ltr'><strong>nominatur</strong></span> <span class='ocrx_word' id='word_1_118' title='bbox 1365 2485 1574 2556; x_wconf 87' lang='lat' dir='ltr'><strong>castanietum</strong></span> <span class='ocrx_word' id='word_1_119' title='bbox 1598 2505 1662 2552; x_wconf 79' lang='lat' dir='ltr'><strong>nne</strong></span> <span class='ocrx_word' id='word_1_120' title='bbox 1685 2505 1761 2552; x_wconf 86' lang='lat' dir='ltr'><strong>cum</strong></span> <span class='ocrx_word' id='word_1_121' title='bbox 1768 2531 1921 2555; x_wconf 89' lang='grc'><strong>.......</strong></span> <span class='ocrx_word' id='word_1_122' title='bbox 1947 2483 2050 2554; x_wconf 80' lang='lat' dir='ltr'><strong>ter‘ula</strong></span> <span class='ocrx_word' id='word_1_123' title='bbox 2064 2483 2099 2552; x_wconf 92' lang='lat' dir='ltr'><strong>iu</strong></span> <span class='ocrx_word' id='word_1_124' title='bbox 2115 2505 2181 2554; x_wconf 92' lang='lat' dir='ltr'><strong>uno</strong></span> 
     </span>
     <span class='ocr_line' id='line_1_14' title="bbox 755 2607 2182 2708; baseline -0.005 -23"><span class='ocrx_word' id='word_1_125' title='bbox 755 2615 984 2686; x_wconf 88' lang='lat' dir='ltr'><strong>ooniuuctum:</strong></span> <span class='ocrx_word' id='word_1_126' title='bbox 1010 2637 1068 2686; x_wconf 92' lang='lat' dir='ltr'><strong>seu</strong></span> <span class='ocrx_word' id='word_1_127' title='bbox 1083 2623 1117 2684; x_wconf 92' lang='lat' dir='ltr'><strong>et</strong></span> <span class='ocrx_word' id='word_1_128' title='bbox 1130 2636 1282 2707; x_wconf 88' lang='lat' dir='ltr'><strong>campum</strong></span> <span class='ocrx_word' id='word_1_129' title='bbox 1295 2612 1355 2708; x_wconf 89' lang='lat' dir='ltr'><strong>qui</strong></span> <span class='ocrx_word' id='word_1_130' title='bbox 1370 2611 1558 2682; x_wconf 91' lang='lat' dir='ltr'><strong>nominatur</strong></span> <span class='ocrx_word' id='word_1_131' title='bbox 1580 2607 1725 2681; x_wconf 89' lang='lat' dir='ltr'><strong>teborola</strong></span> <span class='ocrx_word' id='word_1_132' title='bbox 1741 2629 1907 2704; x_wconf 88' lang='lat' dir='ltr'><strong>quamque</strong></span> <span class='ocrx_word' id='word_1_133' title='bbox 1944 2631 2095 2702; x_wconf 86' lang='lat' dir='ltr'><strong>campum</strong></span> <span class='ocrx_word' id='word_1_134' title='bbox 2123 2607 2182 2703; x_wconf 89' lang='lat' dir='ltr'><strong>qui</strong></span> 
     </span>
     <span class='ocr_line' id='line_1_15' title="bbox 754 2733 2179 2833; baseline -0.004 -25"><span class='ocrx_word' id='word_1_135' title='bbox 754 2737 940 2809; x_wconf 88' lang='lat' dir='ltr'><strong>nominatur</strong></span> <span class='ocrx_word' id='word_1_136' title='bbox 963 2740 1125 2833; x_wconf 89' lang='lat' dir='ltr'><strong>pitrusum</strong></span> <span class='ocrx_word' id='word_1_137' title='bbox 1138 2761 1203 2808; x_wconf 92' lang='lat' dir='ltr'><strong>una</strong></span> <span class='ocrx_word' id='word_1_138' title='bbox 1218 2759 1294 2806; x_wconf 88' lang='lat' dir='ltr'><strong>eum</strong></span> <span class='ocrx_word' id='word_1_139' title='bbox 1308 2736 1416 2830; x_wconf 89' lang='lat' dir='ltr'><strong>ipsum</strong></span> <span class='ocrx_word' id='word_1_140' title='bbox 1429 2735 1565 2807; x_wconf 86' lang='lat' dir='ltr'><strong>tuntum</strong></span> <span class='ocrx_word' id='word_1_141' title='bbox 1586 2733 1623 2806; x_wconf 88' lang='lat' dir='ltr'><strong>in</strong></span> <span class='ocrx_word' id='word_1_142' title='bbox 1645 2756 1713 2804; x_wconf 89' lang='lat' dir='ltr'><strong>uno</strong></span> <span class='ocrx_word' id='word_1_143' title='bbox 1728 2733 1938 2804; x_wconf 84' lang='lat' dir='ltr'><strong>coniunctum</strong></span> <span class='ocrx_word' id='word_1_144' title='bbox 1955 2754 2012 2802; x_wconf 91' lang='lat' dir='ltr'><strong>seu</strong></span> <span class='ocrx_word' id='word_1_145' title='bbox 2031 2742 2064 2802; x_wconf 89' lang='lat' dir='ltr'><strong>et</strong></span> <span class='ocrx_word' id='word_1_146' title='bbox 2078 2733 2179 2803; x_wconf 89' lang='lat' dir='ltr'><strong>alium</strong></span> 
     </span>
     <span class='ocr_line' id='line_1_16' title="bbox 754 2855 2173 2957; baseline -0.002 -26"><span class='ocrx_word' id='word_1_147' title='bbox 754 2885 904 2956; x_wconf 89' lang='lat' dir='ltr'><strong>campum</strong></span> <span class='ocrx_word' id='word_1_148' title='bbox 929 2863 987 2957; x_wconf 91' lang='lat' dir='ltr'><strong>qui</strong></span> <span class='ocrx_word' id='word_1_149' title='bbox 1009 2863 1197 2932; x_wconf 89' lang='lat' dir='ltr'><strong>nominatur</strong></span> <span class='ocrx_word' id='word_1_150' title='bbox 1220 2861 1343 2932; x_wconf 86' lang='lat' dir='ltr'><strong>tebora.</strong></span> <span class='ocrx_word' id='word_1_151' title='bbox 1369 2870 1403 2931; x_wconf 91' lang='lat' dir='ltr'><strong>et</strong></span> <span class='ocrx_word' id='word_1_152' title='bbox 1424 2859 1525 2937; x_wconf 83' lang='lat' dir='ltr'><strong>eliaam</strong></span> <span class='ocrx_word' id='word_1_153' title='bbox 1540 2881 1694 2956; x_wconf 82' lang='lat' dir='ltr'><strong>campum</strong></span> <span class='ocrx_word' id='word_1_154' title='bbox 1709 2855 1769 2952; x_wconf 90' lang='lat' dir='ltr'><strong>qui</strong></span> <span class='ocrx_word' id='word_1_155' title='bbox 1799 2857 1985 2929; x_wconf 88' lang='lat' dir='ltr'><strong>nominatur</strong></span> <span class='ocrx_word' id='word_1_156' title='bbox 2000 2857 2173 2929; x_wconf 84' lang='lat' dir='ltr'><strong>kaballani.</strong></span> 
     </span>
     <span class='ocr_line' id='line_1_17' title="bbox 754 2981 2175 3079; baseline -0.004 -20"><span class='ocrx_word' id='word_1_157' title='bbox 754 2999 787 3058; x_wconf 92' lang='lat' dir='ltr'><strong>et</strong></span> <span class='ocrx_word' id='word_1_158' title='bbox 809 3011 867 3059; x_wconf 86' lang='lat' dir='ltr'><strong>sex</strong></span> <span class='ocrx_word' id='word_1_159' title='bbox 891 3009 1043 3079; x_wconf 85' lang='lat' dir='ltr'><strong>campora</strong></span> <span class='ocrx_word' id='word_1_160' title='bbox 1067 2986 1218 3079; x_wconf 85' lang='lat' dir='ltr'><strong>quisunt</strong></span> <span class='ocrx_word' id='word_1_161' title='bbox 1237 2987 1272 3055; x_wconf 93' lang='lat' dir='ltr'><strong>iu</strong></span> <span class='ocrx_word' id='word_1_162' title='bbox 1289 3009 1354 3058; x_wconf 89' lang='lat' dir='ltr'><strong>uuo</strong></span> <span class='ocrx_word' id='word_1_163' title='bbox 1377 2983 1543 3056; x_wconf 84' lang='lat' dir='ltr'><strong>coniuuta.</strong></span> <span class='ocrx_word' id='word_1_164' title='bbox 1569 2983 1714 3076; x_wconf 91' lang='lat' dir='ltr'><strong>primum</strong></span> <span class='ocrx_word' id='word_1_165' title='bbox 1742 3003 1894 3076; x_wconf 79' lang='lat' dir='ltr'><strong>campum</strong></span> <span class='ocrx_word' id='word_1_166' title='bbox 1916 2982 1975 3076; x_wconf 85' lang='lat' dir='ltr'><strong>qui</strong></span> <span class='ocrx_word' id='word_1_167' title='bbox 1989 2981 2175 3053; x_wconf 83' lang='lat' dir='ltr'><strong>nominetur</strong></span> 
     </span>
     <span class='ocr_line' id='line_1_18' title="bbox 753 3103 2173 3202; baseline -0.005 -19"><span class='ocrx_word' id='word_1_168' title='bbox 753 3113 892 3183; x_wconf 80' lang='lat' dir='ltr'><strong>anellara</strong></span> <span class='ocrx_word' id='word_1_169' title='bbox 916 3133 979 3182; x_wconf 91' lang='lat' dir='ltr'><strong>uua</strong></span> <span class='ocrx_word' id='word_1_170' title='bbox 1001 3131 1079 3179; x_wconf 84' lang='lat' dir='ltr'><strong>eum</strong></span> <span class='ocrx_word' id='word_1_171' title='bbox 1102 3108 1170 3202; x_wconf 91' lang='lat' dir='ltr'><strong>ipsa</strong></span> <span class='ocrx_word' id='word_1_172' title='bbox 1205 3107 1346 3188; x_wconf 74' lang='lat' dir='ltr'><strong>tundore</strong></span> <span class='ocrx_word' id='word_1_173' title='bbox 1380 3105 1545 3179; x_wconf 82' lang='lat' dir='ltr'><strong>ooniunte.</strong></span> <span class='ocrx_word' id='word_1_174' title='bbox 1572 3127 1640 3179; x_wconf 87' lang='lat' dir='ltr'><strong>seu·</strong></span> <span class='ocrx_word' id='word_1_175' title='bbox 1658 3114 1692 3178; x_wconf 89' lang='lat' dir='ltr'><strong>et</strong></span> <span class='ocrx_word' id='word_1_176' title='bbox 1714 3103 1815 3184; x_wconf 85' lang='lat' dir='ltr'><strong>aliurn</strong></span> <span class='ocrx_word' id='word_1_177' title='bbox 1837 3127 1990 3199; x_wconf 83' lang='lat' dir='ltr'><strong>eampum</strong></span> <span class='ocrx_word' id='word_1_178' title='bbox 2023 3105 2081 3201; x_wconf 90' lang='lat' dir='ltr'><strong>qui</strong></span> <span class='ocrx_word' id='word_1_179' title='bbox 2106 3127 2173 3184; x_wconf 90' lang='lat' dir='ltr'><strong>no-</strong></span> 
     </span>
    </p>

    <p class='ocr_par' dir='ltr' id='par_1_5' title="bbox 630 3217 2183 4470">
     <span class='ocr_line' id='line_1_19' title="bbox 630 3217 2177 3329; baseline -0.006 -21"><span class='ocrx_word' id='word_1_180' title='bbox 630 3248 634 3270; x_wconf 47' lang='lat' dir='ltr'><strong>l</strong></span> <span class='ocrx_word' id='word_1_181' title='bbox 752 3237 896 3308; x_wconf 84' lang='lat' dir='ltr'><strong>minatur</strong></span> <span class='ocrx_word' id='word_1_182' title='bbox 918 3234 1065 3329; x_wconf 86' lang='lat' dir='ltr'><strong>giniolo:</strong></span> <span class='ocrx_word' id='word_1_183' title='bbox 1093 3243 1126 3304; x_wconf 93' lang='lat' dir='ltr'><strong>et</strong></span> <span class='ocrx_word' id='word_1_184' title='bbox 1148 3254 1301 3326; x_wconf 80' lang='lat' dir='ltr'><strong>campum</strong></span> <span class='ocrx_word' id='word_1_185' title='bbox 1324 3235 1383 3327; x_wconf 92' lang='lat' dir='ltr'><strong>qui</strong></span> <span class='ocrx_word' id='word_1_186' title='bbox 1405 3231 1593 3303; x_wconf 90' lang='lat' dir='ltr'><strong>nominatur</strong></span> <span class='ocrx_word' id='word_1_187' title='bbox 1615 3252 1770 3324; x_wconf 82' lang='lat' dir='ltr'><strong>magone:</strong></span> <span class='ocrx_word' id='word_1_188' title='bbox 1796 3227 1837 3301; x_wconf 71' lang='lat' dir='ltr'><strong>et‘</strong></span> <span class='ocrx_word' id='word_1_189' title='bbox 1852 3251 2004 3322; x_wconf 83' lang='lat' dir='ltr'><strong>campum</strong></span> <span class='ocrx_word' id='word_1_190' title='bbox 2028 3217 2087 3324; x_wconf 89' lang='lat' dir='ltr'><strong>qui</strong></span> <span class='ocrx_word' id='word_1_191' title='bbox 2109 3251 2177 3300; x_wconf 90' lang='lat' dir='ltr'><strong>no-</strong></span> 
     </span>
     <span class='ocr_line' id='line_1_20' title="bbox 754 3343 2175 3460; baseline -0.004 -26"><span class='ocrx_word' id='word_1_192' title='bbox 754 3363 898 3434; x_wconf 84' lang='lat' dir='ltr'><strong>minatur</strong></span> <span class='ocrx_word' id='word_1_193' title='bbox 920 3383 995 3431; x_wconf 84' lang='lat' dir='ltr'><strong>cera</strong></span> <span class='ocrx_word' id='word_1_194' title='bbox 1010 3361 1133 3460; x_wconf 50' lang='lat' dir='ltr'><strong>¹donati</strong></span> <span class='ocrx_word' id='word_1_195' title='bbox 1157 3375 1214 3431; x_wconf 85' lang='lat' dir='ltr'><strong>sen</strong></span> <span class='ocrx_word' id='word_1_196' title='bbox 1238 3367 1272 3430; x_wconf 89' lang='lat' dir='ltr'><strong>et</strong></span> <span class='ocrx_word' id='word_1_197' title='bbox 1295 3358 1396 3430; x_wconf 88' lang='lat' dir='ltr'><strong>alium</strong></span> <span class='ocrx_word' id='word_1_198' title='bbox 1419 3379 1570 3452; x_wconf 86' lang='lat' dir='ltr'><strong>campum</strong></span> <span class='ocrx_word' id='word_1_199' title='bbox 1598 3355 1657 3453; x_wconf 91' lang='lat' dir='ltr'><strong>qui</strong></span> <span class='ocrx_word' id='word_1_200' title='bbox 1680 3369 1728 3429; x_wconf 89' lang='lat' dir='ltr'><strong>est</strong></span> <span class='ocrx_word' id='word_1_201' title='bbox 1755 3343 1840 3428; x_wconf 80' lang='lat' dir='ltr'><strong>itota</strong></span> <span class='ocrx_word' id='word_1_202' title='bbox 1871 3354 2014 3430; x_wconf 82' lang='lat' dir='ltr'><strong>eeclesia</strong></span> <span class='ocrx_word' id='word_1_203' title='bbox 2038 3355 2175 3428; x_wconf 82' lang='lat' dir='ltr'><strong>distenta</strong></span> 
     </span>
     <span class='ocr_line' id='line_1_21' title="bbox 753 3485 2181 3583; baseline -0.004 -21"><span class='ocrx_word' id='word_1_204' title='bbox 753 3491 856 3562; x_wconf 86' lang='lat' dir='ltr'><strong>saneti</strong></span> <span class='ocrx_word' id='word_1_205' title='bbox 881 3489 1020 3564; x_wconf 83' lang='lat' dir='ltr'><strong>ianuarii</strong></span> <span class='ocrx_word' id='word_1_206' title='bbox 1043 3499 1076 3561; x_wconf 89' lang='lat' dir='ltr'><strong>et</strong></span> <span class='ocrx_word' id='word_1_207' title='bbox 1100 3488 1201 3560; x_wconf 88' lang='lat' dir='ltr'><strong>alium</strong></span> <span class='ocrx_word' id='word_1_208' title='bbox 1225 3510 1376 3582; x_wconf 85' lang='lat' dir='ltr'><strong>eampum</strong></span> <span class='ocrx_word' id='word_1_209' title='bbox 1400 3487 1459 3583; x_wconf 87' lang='lat' dir='ltr'><strong>qui</strong></span> <span class='ocrx_word' id='word_1_210' title='bbox 1482 3485 1616 3581; x_wconf 89' lang='lat' dir='ltr'><strong>ponitur</strong></span> <span class='ocrx_word' id='word_1_211' title='bbox 1638 3487 1686 3558; x_wconf 88' lang='lat' dir='ltr'><strong>ibi</strong></span> <span class='ocrx_word' id='word_1_212' title='bbox 1708 3486 1816 3580; x_wconf 90' lang='lat' dir='ltr'><strong>ipsum</strong></span> <span class='ocrx_word' id='word_1_213' title='bbox 1831 3493 1864 3556; x_wconf 93' lang='lat' dir='ltr'><strong>at</strong></span> <span class='ocrx_word' id='word_1_214' title='bbox 1891 3497 2037 3560; x_wconf 84' lang='lat' dir='ltr'><strong>sanctum</strong></span> <span class='ocrx_word' id='word_1_215' title='bbox 2060 3485 2181 3558; x_wconf 84' lang='lat' dir='ltr'><strong>ienua-</strong></span> 
     </span>
     <span class='ocr_line' id='line_1_22' title="bbox 753 3605 2176 3710; baseline -0.006 -17"><span class='ocrx_word' id='word_1_216' title='bbox 753 3617 842 3693; x_wconf 86' lang='lat' dir='ltr'><strong>rium</strong></span> <span class='ocrx_word' id='word_1_217' title='bbox 865 3639 930 3686; x_wconf 83' lang='lat' dir='ltr'><strong>uue</strong></span> <span class='ocrx_word' id='word_1_218' title='bbox 953 3637 1030 3688; x_wconf 84' lang='lat' dir='ltr'><strong>cum</strong></span> <span class='ocrx_word' id='word_1_219' title='bbox 1048 3614 1118 3708; x_wconf 89' lang='lat' dir='ltr'><strong>ipsa</strong></span> <span class='ocrx_word' id='word_1_220' title='bbox 1139 3614 1277 3685; x_wconf 82' lang='lat' dir='ltr'><strong>fundora</strong></span> <span class='ocrx_word' id='word_1_221' title='bbox 1299 3613 1335 3684; x_wconf 92' lang='lat' dir='ltr'><strong>iu</strong></span> <span class='ocrx_word' id='word_1_222' title='bbox 1357 3605 1637 3685; x_wconf 80' lang='lat' dir='ltr'><strong>uno&#39;eontunta:</strong></span> <span class='ocrx_word' id='word_1_223' title='bbox 1663 3635 1721 3686; x_wconf 87' lang='lat' dir='ltr'><strong>seu</strong></span> <span class='ocrx_word' id='word_1_224' title='bbox 1744 3623 1777 3684; x_wconf 90' lang='lat' dir='ltr'><strong>et</strong></span> <span class='ocrx_word' id='word_1_225' title='bbox 1799 3613 1899 3684; x_wconf 86' lang='lat' dir='ltr'><strong>alium</strong></span> <span class='ocrx_word' id='word_1_226' title='bbox 1934 3617 2085 3707; x_wconf 72' lang='lat' dir='ltr'><strong>eampum</strong></span> <span class='ocrx_word' id='word_1_227' title='bbox 2117 3613 2176 3710; x_wconf 88' lang='lat' dir='ltr'><strong>qui</strong></span> 
     </span>
     <span class='ocr_line' id='line_1_23' title="bbox 755 3734 2178 3832; baseline -0.001 -21"><span class='ocrx_word' id='word_1_228' title='bbox 755 3741 942 3812; x_wconf 89' lang='lat' dir='ltr'><strong>nominatur</strong></span> <span class='ocrx_word' id='word_1_229' title='bbox 965 3740 1181 3811; x_wconf 87' lang='lat' dir='ltr'><strong>tursinianum</strong></span> <span class='ocrx_word' id='word_1_230' title='bbox 1203 3746 1237 3808; x_wconf 89' lang='lat' dir='ltr'><strong>et</strong></span> <span class='ocrx_word' id='word_1_231' title='bbox 1260 3737 1362 3810; x_wconf 84' lang='lat' dir='ltr'><strong>alium</strong></span> <span class='ocrx_word' id='word_1_232' title='bbox 1383 3759 1536 3832; x_wconf 89' lang='lat' dir='ltr'><strong>campum</strong></span> <span class='ocrx_word' id='word_1_233' title='bbox 1559 3735 1627 3832; x_wconf 59' lang='lat' dir='ltr'><strong>2qui</strong></span> <span class='ocrx_word' id='word_1_234' title='bbox 1648 3734 1836 3807; x_wconf 88' lang='lat' dir='ltr'><strong>nominatur</strong></span> <span class='ocrx_word' id='word_1_235' title='bbox 1862 3735 2093 3808; x_wconf 81' lang='lat' dir='ltr'><strong>lutriuianum.</strong></span> <span class='ocrx_word' id='word_1_236' title='bbox 2117 3737 2178 3810; x_wconf 80' lang='lat' dir='ltr'><strong>hec</strong></span> 
     </span>
     <span class='ocr_line' id='line_1_24' title="bbox 757 3863 2178 3959; baseline -0.001 -19"><span class='ocrx_word' id='word_1_237' title='bbox 757 3879 867 3940; x_wconf 86' lang='lat' dir='ltr'><strong>autem</strong></span> <span class='ocrx_word' id='word_1_238' title='bbox 889 3877 1068 3939; x_wconf 88' lang='lat' dir='ltr'><strong>memorata</strong></span> <span class='ocrx_word' id='word_1_239' title='bbox 1091 3889 1244 3959; x_wconf 78' lang='lat' dir='ltr'><strong>campore</strong></span> <span class='ocrx_word' id='word_1_240' title='bbox 1266 3889 1343 3936; x_wconf 88' lang='lat' dir='ltr'><strong>eum</strong></span> <span class='ocrx_word' id='word_1_241' title='bbox 1366 3865 1436 3958; x_wconf 81' lang='lat' dir='ltr'><strong>ipra</strong></span> <span class='ocrx_word' id='word_1_242' title='bbox 1457 3865 1596 3937; x_wconf 81' lang='lat' dir='ltr'><strong>fundora</strong></span> <span class='ocrx_word' id='word_1_243' title='bbox 1618 3863 1714 3936; x_wconf 87' lang='lat' dir='ltr'><strong>sicuti</strong></span> <span class='ocrx_word' id='word_1_244' title='bbox 1737 3863 1885 3936; x_wconf 83' lang='lat' dir='ltr'><strong>exomni</strong></span> <span class='ocrx_word' id='word_1_245' title='bbox 1907 3873 1998 3959; x_wconf 86' lang='lat' dir='ltr'><strong>parte</strong></span> <span class='ocrx_word' id='word_1_246' title='bbox 2022 3863 2178 3938; x_wconf 85' lang='lat' dir='ltr'><strong>termines</strong></span> 
     </span>
     <span class='ocr_line' id='line_1_25' title="bbox 755 3989 2180 4086; baseline -0.004 -20"><span class='ocrx_word' id='word_1_247' title='bbox 755 4005 789 4067; x_wconf 89' lang='lat' dir='ltr'><strong>et</strong></span> <span class='ocrx_word' id='word_1_248' title='bbox 812 3995 951 4086; x_wconf 75' lang='lat' dir='ltr'><strong>signatos</strong></span> <span class='ocrx_word' id='word_1_249' title='bbox 974 3991 1103 4062; x_wconf 76' lang='lat' dir='ltr'><strong>exliund</strong></span> <span class='ocrx_word' id='word_1_250' title='bbox 1125 3989 1258 4060; x_wconf 86' lang='lat' dir='ltr'><strong>insimul</strong></span> <span class='ocrx_word' id='word_1_251' title='bbox 1280 4012 1356 4060; x_wconf 88' lang='lat' dir='ltr'><strong>cum</strong></span> <span class='ocrx_word' id='word_1_252' title='bbox 1379 3989 1550 4060; x_wconf 87' lang='lat' dir='ltr'><strong>arvoribus</strong></span> <span class='ocrx_word' id='word_1_253' title='bbox 1573 3997 1705 4062; x_wconf 80' lang='lat' dir='ltr'><strong>etcum</strong></span> <span class='ocrx_word' id='word_1_254' title='bbox 1727 3999 1824 4084; x_wconf 86' lang='lat' dir='ltr'><strong>putea</strong></span> <span class='ocrx_word' id='word_1_255' title='bbox 1846 4011 1905 4064; x_wconf 85' lang='lat' dir='ltr'><strong>sue</strong></span> <span class='ocrx_word' id='word_1_256' title='bbox 1919 3999 1951 4061; x_wconf 88' lang='lat' dir='ltr'><strong>et</strong></span> <span class='ocrx_word' id='word_1_257' title='bbox 1966 3989 2119 4084; x_wconf 85' lang='lat' dir='ltr'><strong>pisohinis</strong></span> <span class='ocrx_word' id='word_1_258' title='bbox 2146 3999 2180 4062; x_wconf 85' lang='lat' dir='ltr'><strong>et</strong></span> 
     </span>
     <span class='ocr_line' id='line_1_26' title="bbox 755 4101 2183 4212; baseline -0.002 -20"><span class='ocrx_word' id='word_1_259' title='bbox 755 4101 831 4192; x_wconf 75' lang='lat' dir='ltr'><strong>crim</strong></span> <span class='ocrx_word' id='word_1_260' title='bbox 854 4117 1000 4190; x_wconf 70' lang='lat' dir='ltr'><strong>introires</strong></span> <span class='ocrx_word' id='word_1_261' title='bbox 1023 4139 1136 4187; x_wconf 90' lang='lat' dir='ltr'><strong>earum</strong></span> <span class='ocrx_word' id='word_1_262' title='bbox 1159 4125 1192 4188; x_wconf 91' lang='lat' dir='ltr'><strong>et</strong></span> <span class='ocrx_word' id='word_1_263' title='bbox 1215 4115 1366 4186; x_wconf 88' lang='lat' dir='ltr'><strong>omuibus</strong></span> <span class='ocrx_word' id='word_1_264' title='bbox 1389 4117 1436 4186; x_wconf 89' lang='lat' dir='ltr'><strong>eis</strong></span> <span class='ocrx_word' id='word_1_265' title='bbox 1459 4115 1652 4209; x_wconf 80' lang='lat' dir='ltr'><strong>generaliter</strong></span> <span class='ocrx_word' id='word_1_266' title='bbox 1675 4125 1708 4188; x_wconf 93' lang='lat' dir='ltr'><strong>et</strong></span> <span class='ocrx_word' id='word_1_267' title='bbox 1730 4117 1765 4188; x_wconf 93' lang='lat' dir='ltr'><strong>iu</strong></span> <span class='ocrx_word' id='word_1_268' title='bbox 1787 4113 1915 4211; x_wconf 81' lang='lat' dir='ltr'><strong>integro</strong></span> <span class='ocrx_word' id='word_1_269' title='bbox 1944 4117 2183 4212; x_wconf 81' lang='lat' dir='ltr'><strong>pertinentibus</strong></span> 
     </span>
     <span class='ocr_line' id='line_1_27' title="bbox 757 4215 2183 4338; baseline -0.002 -23"><span class='ocrx_word' id='word_1_270' title='bbox 757 4243 842 4316; x_wconf 87' lang='lat' dir='ltr'><strong>uude</strong></span> <span class='ocrx_word' id='word_1_271' title='bbox 866 4265 925 4314; x_wconf 87' lang='lat' dir='ltr'><strong>vos</strong></span> <span class='ocrx_word' id='word_1_272' title='bbox 949 4215 1148 4336; x_wconf 56' lang='lat' dir='ltr'><strong>quesivimus</strong></span> <span class='ocrx_word' id='word_1_273' title='bbox 1170 4241 1309 4311; x_wconf 81' lang='lat' dir='ltr'><strong>dicendo</strong></span> <span class='ocrx_word' id='word_1_274' title='bbox 1325 4245 1400 4335; x_wconf 79' lang='lat' dir='ltr'><strong>pars</strong></span> <span class='ocrx_word' id='word_1_275' title='bbox 1415 4262 1487 4311; x_wconf 85' lang='lat' dir='ltr'><strong>mea</strong></span> <span class='ocrx_word' id='word_1_276' title='bbox 1503 4243 1658 4314; x_wconf 81' lang='lat' dir='ltr'><strong>adversus</strong></span> <span class='ocrx_word' id='word_1_277' title='bbox 1674 4265 1733 4313; x_wconf 87' lang='lat' dir='ltr'><strong>vos</strong></span> <span class='ocrx_word' id='word_1_278' title='bbox 1749 4243 1828 4338; x_wconf 89' lang='lat' dir='ltr'><strong>quia</strong></span> <span class='ocrx_word' id='word_1_279' title='bbox 1843 4253 2019 4316; x_wconf 89' lang='lat' dir='ltr'><strong>memorata</strong></span> <span class='ocrx_word' id='word_1_280' title='bbox 2040 4231 2183 4314; x_wconf 82' lang='lat' dir='ltr'><strong>fundora</strong></span> 
     </span>
     <span class='ocr_line' id='line_1_28' title="bbox 759 4366 2179 4470; baseline -0.003 -28"><span class='ocrx_word' id='word_1_281' title='bbox 759 4378 792 4442; x_wconf 92' lang='lat' dir='ltr'><strong>et</strong></span> <span class='ocrx_word' id='word_1_282' title='bbox 813 4377 991 4442; x_wconf 88' lang='lat' dir='ltr'><strong>memorata</strong></span> <span class='ocrx_word' id='word_1_283' title='bbox 1013 4389 1165 4462; x_wconf 83' lang='lat' dir='ltr'><strong>campora</strong></span> <span class='ocrx_word' id='word_1_284' title='bbox 1188 4377 1298 4436; x_wconf 88' lang='lat' dir='ltr'><strong>nostra</strong></span> <span class='ocrx_word' id='word_1_285' title='bbox 1320 4366 1453 4470; x_wconf 91' lang='lat' dir='ltr'><strong>propria</strong></span> <span class='ocrx_word' id='word_1_286' title='bbox 1476 4375 1552 4440; x_wconf 91' lang='lat' dir='ltr'><strong>suut</strong></span> <span class='ocrx_word' id='word_1_287' title='bbox 1574 4377 1607 4440; x_wconf 88' lang='lat' dir='ltr'><strong>et</strong></span> <span class='ocrx_word' id='word_1_288' title='bbox 1621 4367 1704 4440; x_wconf 88' lang='lat' dir='ltr'><strong>mihi</strong></span> <span class='ocrx_word' id='word_1_289' title='bbox 1718 4371 1859 4464; x_wconf 82' lang='lat' dir='ltr'><strong>pertinet</strong></span> <span class='ocrx_word' id='word_1_290' title='bbox 1872 4395 1891 4440; x_wconf 91' lang='lat' dir='ltr'><strong>a</strong></span> <span class='ocrx_word' id='word_1_291' title='bbox 1905 4369 1990 4464; x_wconf 82' lang='lat' dir='ltr'><strong>parti</strong></span> <span class='ocrx_word' id='word_1_292' title='bbox 2012 4368 2127 4440; x_wconf 82' lang='lat' dir='ltr'><strong>militie</strong></span> <span class='ocrx_word' id='word_1_293' title='bbox 2145 4377 2179 4440; x_wconf 90' lang='lat' dir='ltr'><strong>et</strong></span> 
     </span>
    </p>

    <p class='ocr_par' dir='ltr' id='par_1_6' title="bbox 691 4493 2262 5096">
     <span class='ocr_line' id='line_1_29' title="bbox 691 4493 2260 4595; baseline -0.001 -28"><span class='ocrx_word' id='word_1_294' title='bbox 691 4511 695 4518; x_wconf 84' lang='grc'><em>·</em></span> <span class='ocrx_word' id='word_1_295' title='bbox 749 4494 1044 4590; x_wconf 83' lang='lat' dir='ltr'><strong>langubardorum.</strong></span> <span class='ocrx_word' id='word_1_296' title='bbox 1069 4501 1101 4564; x_wconf 90' lang='lat' dir='ltr'><strong>et</strong></span> <span class='ocrx_word' id='word_1_297' title='bbox 1125 4515 1188 4587; x_wconf 83' lang='lat' dir='ltr'><strong>ego</strong></span> <span class='ocrx_word' id='word_1_298' title='bbox 1211 4515 1277 4562; x_wconf 90' lang='lat' dir='ltr'><strong>una</strong></span> <span class='ocrx_word' id='word_1_299' title='bbox 1304 4514 1381 4562; x_wconf 86' lang='lat' dir='ltr'><strong>cum</strong></span> <span class='ocrx_word' id='word_1_300' title='bbox 1413 4493 1583 4568; x_wconf 90' lang='lat' dir='ltr'><strong>dominum</strong></span> <span class='ocrx_word' id='word_1_301' title='bbox 1612 4494 1807 4568; x_wconf 83' lang='lat' dir='ltr'><strong>lambertum</strong></span> <span class='ocrx_word' id='word_1_302' title='bbox 1840 4517 2031 4590; x_wconf 80' lang='lat' dir='ltr'><strong>germanum</strong></span> <span class='ocrx_word' id='word_1_303' title='bbox 2064 4515 2176 4566; x_wconf 89' lang='lat' dir='ltr'><strong>meum</strong></span> <span class='ocrx_word' id='word_1_304' title='bbox 2252 4538 2260 4595; x_wconf 51' lang='lat' dir='ltr'><strong>p</strong></span> 
     </span>
     <span class='ocr_line' id='line_1_30' title="bbox 756 4610 2262 4724; baseline -0.001 -28"><span class='ocrx_word' id='word_1_305' title='bbox 756 4623 830 4696; x_wconf 88' lang='lat' dir='ltr'><strong>illos</strong></span> <span class='ocrx_word' id='word_1_306' title='bbox 863 4621 1028 4696; x_wconf 86' lang='lat' dir='ltr'><strong>tenuimus</strong></span> <span class='ocrx_word' id='word_1_307' title='bbox 1050 4631 1083 4692; x_wconf 92' lang='lat' dir='ltr'><strong>et</strong></span> <span class='ocrx_word' id='word_1_308' title='bbox 1105 4619 1344 4693; x_wconf 78' lang='lat' dir='ltr'><strong>nominavimus</strong></span> <span class='ocrx_word' id='word_1_309' title='bbox 1367 4643 1429 4716; x_wconf 90' lang='lat' dir='ltr'><strong>pro</strong></span> <span class='ocrx_word' id='word_1_310' title='bbox 1452 4623 1538 4716; x_wconf 89' lang='lat' dir='ltr'><strong>parti</strong></span> <span class='ocrx_word' id='word_1_311' title='bbox 1567 4623 1684 4698; x_wconf 87' lang='lat' dir='ltr'><strong>militie</strong></span> <span class='ocrx_word' id='word_1_312' title='bbox 1707 4623 2064 4718; x_wconf 79' lang='lat' dir='ltr'><strong>etlangobardorum:</strong></span> <span class='ocrx_word' id='word_1_313' title='bbox 2099 4639 2175 4716; x_wconf 77' lang='lat' dir='ltr'><strong>pers</strong></span> <span class='ocrx_word' id='word_1_314' title='bbox 2250 4610 2262 4724; x_wconf 36' lang='grc' dir='ltr'>ζ</span> 
     </span>
     <span class='ocr_line' id='line_1_31' title="bbox 759 4727 2257 4845; baseline -0.004 -23"><span class='ocrx_word' id='word_1_315' title='bbox 759 4759 869 4822; x_wconf 82' lang='lat' dir='ltr'><strong>autem</strong></span> <span class='ocrx_word' id='word_1_316' title='bbox 891 4741 998 4820; x_wconf 78' lang='lat' dir='ltr'><strong>vestra</strong></span> <span class='ocrx_word' id='word_1_317' title='bbox 1020 4746 1153 4820; x_wconf 77' lang='lat' dir='ltr'><strong>‹licebad</strong></span> <span class='ocrx_word' id='word_1_318' title='bbox 1177 4761 1213 4818; x_wconf 91' lang='lat' dir='ltr'><strong>ut</strong></span> <span class='ocrx_word' id='word_1_319' title='bbox 1236 4771 1302 4818; x_wconf 93' lang='lat' dir='ltr'><strong>non</strong></span> <span class='ocrx_word' id='word_1_320' title='bbox 1326 4759 1411 4820; x_wconf 88' lang='lat' dir='ltr'><strong>esset</strong></span> <span class='ocrx_word' id='word_1_321' title='bbox 1432 4747 1478 4820; x_wconf 89' lang='lat' dir='ltr'><strong>ita</strong></span> <span class='ocrx_word' id='word_1_322' title='bbox 1495 4749 1584 4845; x_wconf 89' lang='lat' dir='ltr'><strong>quod</strong></span> <span class='ocrx_word' id='word_1_323' title='bbox 1599 4759 1778 4821; x_wconf 85' lang='lat' dir='ltr'><strong>memorata</strong></span> <span class='ocrx_word' id='word_1_324' title='bbox 1793 4749 1931 4821; x_wconf 78' lang='lat' dir='ltr'><strong>fundora</strong></span> <span class='ocrx_word' id='word_1_325' title='bbox 1946 4757 1979 4821; x_wconf 91' lang='lat' dir='ltr'><strong>et</strong></span> <span class='ocrx_word' id='word_1_326' title='bbox 1997 4756 2176 4820; x_wconf 84' lang='lat' dir='ltr'><strong>memorata</strong></span> <span class='ocrx_word' id='word_1_327' title='bbox 2238 4727 2257 4816; x_wconf 63' lang='lat' dir='ltr'><strong>l</strong></span> 
     </span>
     <span class='ocr_line' id='line_1_32' title="bbox 757 4845 2226 4967; baseline -0.005 -24"><span class='ocrx_word' id='word_1_328' title='bbox 757 4895 909 4967; x_wconf 84' lang='lat' dir='ltr'><strong>campora</strong></span> <span class='ocrx_word' id='word_1_329' title='bbox 932 4895 976 4944; x_wconf 85' lang='lat' dir='ltr'><strong>ex</strong></span> <span class='ocrx_word' id='word_1_330' title='bbox 998 4871 1066 4966; x_wconf 83' lang='lat' dir='ltr'><strong>ipsa</strong></span> <span class='ocrx_word' id='word_1_331' title='bbox 1090 4872 1226 4944; x_wconf 78' lang='lat' dir='ltr'><strong>fundora</strong></span> <span class='ocrx_word' id='word_1_332' title='bbox 1249 4873 1445 4966; x_wconf 84' lang='lat' dir='ltr'><strong>pertinentes</strong></span> <span class='ocrx_word' id='word_1_333' title='bbox 1475 4873 1607 4967; x_wconf 92' lang='lat' dir='ltr'><strong>propria</strong></span> <span class='ocrx_word' id='word_1_334' title='bbox 1636 4881 1743 4946; x_wconf 83' lang='lat' dir='ltr'><strong>vestra</strong></span> <span class='ocrx_word' id='word_1_335' title='bbox 1765 4872 1845 4946; x_wconf 85' lang='lat' dir='ltr'><strong>eiad.</strong></span> <span class='ocrx_word' id='word_1_336' title='bbox 1870 4873 1976 4946; x_wconf 89' lang='lat' dir='ltr'><strong>setin</strong></span> <span class='ocrx_word' id='word_1_337' title='bbox 2000 4880 2179 4944; x_wconf 86' lang='lat' dir='ltr'><strong>memorata</strong></span> <span class='ocrx_word' id='word_1_338' title='bbox 2203 4845 2226 4936; x_wconf 39' lang='lat' dir='ltr'><strong>sx</strong></span> 
     </span>
     <span class='ocr_line' id='line_1_33' title="bbox 756 4937 2261 5096; baseline -0.003 -22"><span class='ocrx_word' id='word_1_339' title='bbox 756 5000 909 5074; x_wconf 77' lang='lat' dir='ltr'><strong>fundoras</strong></span> <span class='ocrx_word' id='word_1_340' title='bbox 933 5001 1023 5072; x_wconf 87' lang='lat' dir='ltr'><strong>etin</strong></span> <span class='ocrx_word' id='word_1_341' title='bbox 1047 5009 1223 5074; x_wconf 85' lang='lat' dir='ltr'><strong>memorata</strong></span> <span class='ocrx_word' id='word_1_342' title='bbox 1245 5023 1397 5096; x_wconf 85' lang='lat' dir='ltr'><strong>campora</strong></span> <span class='ocrx_word' id='word_1_343' title='bbox 1429 5023 1563 5074; x_wconf 83' lang='lat' dir='ltr'><strong>avemus</strong></span> <span class='ocrx_word' id='word_1_344' title='bbox 1587 5000 1757 5074; x_wconf 84' lang='lat' dir='ltr'><strong>medietate</strong></span> <span class='ocrx_word' id='word_1_345' title='bbox 1779 5023 1841 5096; x_wconf 92' lang='lat' dir='ltr'><strong>pro</strong></span> <span class='ocrx_word' id='word_1_346' title='bbox 1863 4999 1948 5096; x_wconf 87' lang='lat' dir='ltr'><strong>parti</strong></span> <span class='ocrx_word' id='word_1_347' title='bbox 1970 5008 2080 5072; x_wconf 87' lang='lat' dir='ltr'><strong>nostre</strong></span> <span class='ocrx_word' id='word_1_348' title='bbox 2109 4937 2204 5093; x_wconf 51' lang='lat' dir='ltr'><strong>mis</strong></span> <span class='ocrx_word' id='word_1_349' title='bbox 2240 5018 2261 5048; x_wconf 71' lang='lat'><strong><em>‘</em></strong></span> 
     </span>
    </p>
   </div>
   <div class='ocr_carea' id='block_1_4' title="bbox 0 0 2446 6532">
    <p class='ocr_par' dir='ltr' id='par_1_7' title="bbox 0 0 2446 6532">
     <span class='ocr_line' id='line_1_34' title="bbox 0 0 2446 6532; baseline 0 0"><span class='ocrx_word' id='word_1_350' title='bbox 0 0 2446 6532; x_wconf 95' lang='lat' dir='ltr'><strong> </strong></span> 
     </span>
    </p>
   </div>
  </div>
 </body>
</html>
