4854 6528
1393 906 1516 985 ctvu.

616 1202 671 1253 m,
831 1167 1083 1266 †1nnomine
1116 1163 1243 1242 domini
1278 1165 1332 1244 dei
1366 1163 1538 1239 salvatoris
1568 1165 1675 1240 ausui
1705 1161 1807 1239 ihesu
1828 1161 1953 1238 Christi
1982 1165 2167 1265 imperante

594 1310 681 1377 974.
738 1298 869 1371 domino
891 1306 1001 1372 nostro
1023 1295 1136 1370 basilio
1159 1316 1278 1390 magno
1301 1295 1498 1387 Imperatore
1521 1315 1606 1365 anno
1629 1293 1873 1390 quartodecimo
1887 1295 1943 1366 scd
1958 1306 1990 1366 et
2004 1313 2161 1372 constan·

737 1421 807 1494 tino
829 1445 947 1518 magno
969 1420 1162 1514 imperatore
1184 1417 1283 1488 frater
1306 1415 1376 1488 eius
1399 1437 1484 1488 anno
1507 1417 1679 1490 undecimo
1698 1441 1709 1488 ε
1738 1418 1795 1490 scd
1818 1427 1851 1490 et
1873 1417 2013 1493 iohanne
2041 1445 2161 1518 magno

737 1549 928 1644 imperatore
951 1565 1035 1616 anno
1059 1551 1178 1636 quarto
1198 1565 1208 1612 ε
1235 1540 1288 1614 die
1311 1549 1402 1616 sexta
1426 1541 1544 1614 mensis
1567 1543 1707 1616 muuerii
1724 1542 1901 1617 indictione
1915 1549 2053 1620 secunda
2079 1571 2160 1621 nea-

735 1671 826 1768 poli:
853 1673 954 1740 Horta
978 1675 1027 1740 est
1048 1669 1158 1766 itaque
1180 1667 1316 1741 intentio
1340 1667 1425 1744 inter
1453 1691 1513 1742 nos
1541 1679 1635 1766 petro
1666 1669 1802 1742 ferrario
1829 1669 1885 1743 cui
1912 1693 2009 1768 supra
2040 1693 2159 1749 nomen

735 1794 870 1868 corbulo
893 1793 961 1868 filio
983 1795 1149 1891 quondam
1171 1797 1315 1901 gregorii
1338 1797 1464 1894 cuparii
1487 1805 1521 1870 et
1543 1807 1617 1873 ruta
1631 1798 1695 1872 hoo
1719 1807 1767 1872 cst
1789 1797 1933 1894 iugalest
1950 1807 1984 1872 et
2007 1809 2039 1875 te
2063 1801 2160 1876 vidc-

734 1920 810 1992 licet
833 1891 963 1992 domine
987 1919 1075 2014 pitru
1097 1919 1231 1992 honesta
1263 1921 1382 1994 femina
1417 1921 1484 1995 filie
1514 1924 1680 2020 quondam
1712 1923 1837 1998 domini
1869 1924 2009 2022 campuli
2042 1927 2154 2000 conius

734 2047 867 2144 quidem
899 2041 1024 2121 domini
1050 2045 1220 2142 stephani:
1246 2047 1286 2120 de
1308 2048 1485 2122 intentione
1508 2075 1574 2148 quc
1604 2051 1688 2128 inter
1712 2075 1771 2127 uos
1794 2053 1969 2128 ehraimus:
2003 2077 2063 2151 pro
2086 2065 2158 2130 ter-

732 2175 835 2248 mines
858 2176 917 2272 qui
940 2182 988 2248 est
1011 2173 1095 2249 inter
1118 2185 1203 2248 terra
1226 2186 1337 2250 nostra
1360 2179 1547 2252 memoratis
1570 2179 1694 2278 iugales
1702 2227 1926 2254 ..........
1933 2177 2072 2278 pictuln:
2100 2185 2156 2280 qui

733 2311 782 2374 est
804 2326 823 2372 a
846 2311 939 2398 parte
962 2301 1227 2400 septemtrionis:
1255 2311 1288 2376 et
1310 2303 1396 2377 inter
1418 2313 1503 2380 terra
1532 2315 1587 2382 tua
1611 2309 1793 2382 memorata
1823 2307 1953 2381 domine
1982 2309 2072 2404 pitru
2100 2311 2155 2406 qui

732 2437 781 2502 est
803 2451 821 2497 a
844 2439 934 2522 parte
957 2428 1158 2502 meridiane:
1182 2429 1308 2524 posita:
1342 2431 1473 2504 insimul
1494 2432 1528 2504 iu
1550 2433 1624 2503 loco
1651 2433 1710 2530 qui
1734 2443 1871 2504 vocatur
1892 2435 2046 2508 iannula:
2074 2438 2161 2510 undo

731 2553 858 2632 (licebat
879 2575 953 2650 pars
976 2562 1085 2628 nostra
1108 2556 1294 2630 memoratis
1317 2556 1467 2654 iugales:
1501 2557 1646 2630 atbersus
1678 2567 1711 2630 te
1740 2557 1819 2656 quis
1846 2557 1994 2631 hcrsastis
2018 2569 2055 2633 tu
2079 2585 2162 2634 me·

732 2692 857 2756 morata
880 2681 1010 2755 domina
1033 2683 1120 2778 pitru
1144 2705 1221 2755 oum
1244 2695 1424 2757 memorato
1447 2686 1580 2758 domino
1595 2685 1751 2782 stephano
1770 2684 1843 2758 viro
1856 2695 1913 2758 tuo
1929 2694 1963 2757 et
1977 2699 2158 2758 memorato

731 2812 860 2910 genitor
887 2820 963 2884 tuus
998 2817 1031 2884 ct
1053 2820 1179 2886 mutare
1214 2812 1358 2886 fecistitis
1385 2811 1448 2907 ipsi
1476 2811 1630 2885 termines
1653 2821 1687 2885 ct
1714 2811 1891 2908 posuistitis
1913 2811 1949 2884 in
1972 2811 2040 2908 ipsa
2073 2827 2158 2887 terra

732 2951 871 3018 nostre:
898 2963 972 3034 pars
1003 2947 1112 3012 numm
1135 2947 1191 3010 tua
1213 2947 1392 3012 memorata
1428 2937 1561 3020 domina
1585 2937 1675 3034 pitru
1697 2939 1845 3013 atlacrsus
1868 2963 1927 3013 nos
1949 2941 2160 3038 respondebat

734 3064 843 3138 dicens
866 3062 947 3136 absit
970 3063 1048 3161 quia
1070 3062 1189 3136 veritas
1210 3085 1278 3136 non
1300 3073 1350 3136 est
1371 3071 1409 3135 ut
1432 3065 1618 3137 memoratis
1642 3063 1795 3136 termines
1810 3085 1871 3136 nec
1891 3075 1928 3136 tu
1951 3087 2010 3138 nee
2033 3089 2159 3140 merno-

733 3201 806 3264 rato
829 3193 901 3264 viro
924 3199 983 3264 tuo
1005 3213 1065 3264 nec
1092 3199 1272 3264 memorato
1287 3189 1416 3287 genitor
1432 3197 1510 3264 tuus
1525 3199 1557 3263 te
1579 3189 1722 3286 sapiente
1745 3189 1927 3264 mutassetis
1949 3213 2009 3264 nec
2031 3203 2159 3266 motare

733 3319 886 3394 fecissetis
909 3319 971 3416 ipsi
992 3320 1143 3394 termines
1159 3330 1197 3393 ut
1211 3319 1359 3416 superius
1382 3318 1549 3394 dissimus:
1576 3327 1625 3394 set
1647 3318 1693 3392 sic
1717 3317 1779 3394 fuit
1801 3321 1871 3418 ipse
1895 3321 1959 3396 fine
1983 3318 2068 3392 inter
2091 3342 2160 3394 me·

734 3458 859 3522 morata
890 3458 976 3522 terra
999 3455 1110 3523 nostra
1136 3456 1170 3524 et
1192 3450 1277 3522 inter
1301 3457 1481 3522 memorate
1504 3457 1590 3521 terra
1613 3455 1670 3522 tua
1692 3471 1751 3546 per
1781 3449 2027 3546 quadragintam
2059 3473 2160 3524 annos

733 3579 932 3678 quommodo
951 3579 1121 3654 memorati
1146 3577 1298 3651 termines
1319 3575 1366 3650 ivi
1390 3577 1489 3650 modo
1513 3575 1580 3650 ficti
1603 3587 1706 3650 sunt:
1733 3579 1826 3653 Unde
1850 3577 1991 3653 multum
2015 3577 2157 3676 litigium

733 3712 860 3784 exinde.
883 3712 967 3784 inter
990 3731 1049 3782 nos
1073 3707 1245 3782 anninus:
1279 3704 1482 3781 iudichatum
1505 3717 1554 3780 est
1577 3707 1695 3782 exinde
1729 3705 1813 3782 inter
1841 3709 1953 3782 noris:
1981 3717 2017 3781 ut
2040 3709 2068 3781 si
2092 3731 2160 3805 po-

734 3839 832 3908 tuerit
854 3857 928 3932 pars
951 3845 1059 3908 nostra
1082 3831 1269 3908 memoratis
1287 3830 1409 3928 iugales
1426 3831 1487 3906 tivi
1502 3829 1683 3905 ostensione
1698 3832 1804 3907 facere
1819 3831 1957 3930 qualiter
1973 3835 2161 3908 memoratis

732 3965 886 4036 termines
919 3973 957 4036 tu
987 3967 1166 4037 memorata
1202 3959 1334 4034 domine
1368 3961 1459 4056 pitru
1486 3967 1544 4034 aut
1566 3968 1744 4032 memorato
1767 3961 1841 4033 viro
1864 3967 1923 4033 tuo
1947 3969 2005 4033 aut
2029 3981 2160 4034 raemo-

725 4101 805 4186 ,rato
828 4089 955 4184 genitor
977 4098 1052 4160 tuus
1075 4089 1192 4162 exinde
1216 4095 1370 4162 mutasset
1393 4093 1450 4158 aut
1472 4093 1599 4174 mutare
1623 4085 1798 4159 fecissetis:
1833 4087 1939 4160 facere
1968 4095 2005 4158 tu
2028 4107 2160 4158 memo-

711 4253 715 4258 ·‘
733 4229 803 4293 rata
827 4218 956 4293 domina
980 4218 1068 4314 pitru
1092 4217 1184 4290 nobis
1207 4216 1324 4290 exinde
1347 4213 1482 4311 legem:
1510 4214 1592 4286 etsi
1617 4235 1683 4284 non
1706 4213 1848 4308 potuerit
1871 4235 1945 4309 pars
1969 4221 2079 4286 nostra
2096 4213 2159 4286 tivi

735 4339 808 4414 illut
831 4339 935 4416 taliter
957 4339 1124 4414 ostendere
1148 4337 1258 4412 iurare
1280 4359 1355 4434 pers
1379 4343 1435 4408 tua
1459 4342 1639 4408 memorata
1663 4333 1793 4406 domina
1815 4333 1906 4430 pitru
1930 4331 2024 4406 nobis
2038 4333 2158 4408 exinde

735 4477 767 4540 ct
791 4466 897 4542 dicere
920 4467 998 4564 quia
1021 4463 1206 4540 memoratis
1229 4461 1382 4536 termines
1404 4479 1465 4530 noc
1488 4467 1524 4529 tu
1549 4479 1608 4530 nec
1631 4465 1812 4530 memorato
1834 4457 1909 4530 viro
1933 4467 1991 4530 tuo
2006 4480 2066 4532 nec
2083 4482 2158 4533 mc·

629 4665 634 4674 .
735 4606 862 4667 morato
885 4597 1012 4690 genitor
1035 4605 1113 4667 tuus
1139 4603 1171 4666 te
1195 4591 1336 4687 sapiente
1359 4611 1425 4662 non
1449 4593 1604 4687 muumet
1624 4609 1687 4660 nec
1709 4596 1836 4662 mutare
1852 4588 2028 4688 fecissetis:
2046 4599 2095 4664 set
2111 4591 2158 4663 sic

733 4719 797 4792 fuit
814 4721 882 4812 ipsa
909 4717 971 4790 fine
995 4718 1079 4790 inter
1102 4719 1170 4812 ipsa
1193 4727 1279 4788 terra
1301 4723 1409 4788 nostre
1432 4723 1465 4786 ct
1488 4721 1665 4788 memorata
1688 4720 1774 4784 terra
1797 4721 1853 4784 tua
1874 4735 1933 4808 per
1955 4711 2159 4809 quadragin-

735 4859 802 4920 tam
827 4868 927 4918 annos
950 4848 1151 4941 quommodo
1175 4845 1273 4918 modo
1305 4843 1367 4940 ipsi
1395 4841 1546 4916 termines
1569 4839 1617 4914 ivi
1641 4841 1739 4912 modo
1762 4841 1828 4916 ficti
1852 4849 1928 4915 sunt
1964 4864 2159 4939 poneremus

677 5066 680 5076 Ι
735 4997 794 5050 nos
817 4973 876 5048 tiri
900 4971 1017 5048 exinde
1040 4971 1263 5046 securitatemt
1293 4981 1325 5042 et
1341 4970 1418 5067 quia
1436 4991 1499 5042 nou
1515 4968 1621 5066 potuit
1644 4989 1717 5063 pers
1740 4977 1850 5042 nostm
1873 4969 1932 5044 tivi
1953 4969 2026 5044 illut
2049 4971 2159 5046 taliter
2260 5028 2273 5041 ..
