4876 6532
683 1251 736 1298 an·
906 1234 937 1330 †
959 1235 996 1306 ln
1018 1235 1149 1308 nomine
1173 1205 1296 1305 domiui
1319 1229 1371 1303 dei
1394 1225 1560 1299 salvatoris
1582 1225 1687 1298 nostri
1708 1223 1804 1298 lbesu
1827 1224 1946 1301 Christi
1970 1227 2151 1324 Imperante
2166 1233 2231 1305 ‹lo-

669 1365 756 1429 960·
812 1362 902 1434 mino
924 1369 1037 1433 nostro
1060 1379 1195 1430 romano
1218 1375 1337 1448 magno
1360 1353 1558 1444 Imperatore
1581 1375 1667 1422 anno
1699 1351 1953 1448 quintodecimo.
1981 1357 2037 1428 sed
2061 1365 2094 1428 et
2117 1357 2230 1430 basilio

811 1510 930 1582 magno
953 1487 1147 1578 imperatore
1170 1481 1239 1552 eius
1262 1479 1330 1550 filio
1354 1499 1438 1549 anno
1456 1477 1573 1572 primo.
1596 1479 1659 1552 Die
1681 1487 1772 1554 sexta
1796 1481 1914 1560 mensis
1929 1483 2115 1578 septembrii
2136 1485 2229 1558 indi-

811 1616 917 1686 ctione
939 1615 1053 1704 quarta
1075 1605 1212 1700 neapoli.
1235 1605 1376 1679 Adibere
1392 1605 1510 1702 itaque
1533 1605 1622 1678 visus
1645 1607 1707 1678 fuit
1729 1607 1894 1702 quondam
1923 1609 2073 1682 dominus
2101 1610 2153 1684 leo
2178 1613 2230 1685 vir

810 1757 900 1811 meus
923 1733 1072 1807 videlicet
1095 1756 1178 1806 anna
1201 1733 1352 1829 religiosa
1375 1733 1494 1806 femina
1518 1733 1584 1806 filia
1607 1735 1770 1828 mundam
1796 1733 1918 1807 domini
1941 1735 2074 1809 iohanni
2105 1761 2226 1810 mona-

809 1861 873 1930 cbi.
898 1858 959 1928 tibi
982 1857 1131 1930 uidelicet
1154 1857 1252 1929 drosu
1276 1855 1334 1953 qui
1357 1879 1453 1950 supra
1484 1879 1604 1932 nomen
1637 1857 1740 1931 maria
1775 1859 1892 1932 dilecta
1925 1861 2034 1954 nepoti
2065 1887 2137 1934 mea
2162 1861 2227 1934 filia

780 1995 784 2004 “
808 1987 971 2082 quondam
995 2007 1079 2058 sone
1102 1985 1258 2058 memorie
1282 1983 1406 2054 domini
1429 1983 1516 2055 leoni
1540 1985 1684 2058 kaietani
1709 1986 1838 2082 cognati
1861 1987 1927 2058 mei
1951 1987 2072 2060 coniux
2091 1991 2229 2082 presenti

807 2110 930 2182 domini
953 2108 1087 2182 moraldi
1109 2107 1308 2203 langobardi.
1324 2109 1406 2180 idest
1420 2109 1492 2180 auri
1509 2109 1603 2182 solidi
1620 2109 1735 2204 viginti
1751 2131 1856 2182 unum
1871 2110 2074 2206 bytbianteos
2097 2113 2132 2182 in
2151 2135 2228 2184 can·

805 2249 875 2310 urm
899 2259 960 2333 pro
983 2238 1133 2332 portione
1156 2261 1215 2310 sua
1239 2238 1448 2334 suprascripti
1471 2238 1593 2311 domini
1617 2237 1703 2309 leoni
1734 2239 1799 2309 viri
1822 2239 1901 2312 mei.
1937 2241 1978 2314 de
2009 2239 2229 2346 amiralios

806 2364 1018 2462 quadraginta
1056 2366 1138 2437 duos
1171 2363 1387 2460 bythianteos.
1424 2385 1524 2458 quem
1559 2363 1724 2458 quondam
1759 2365 1891 2436 domina
1923 2369 2026 2438 maria
2062 2368 2134 2438 avia
2174 2377 2230 2438 tua

807 2491 1022 2588 suprascripta
1045 2491 1143 2563 drosu
1165 2491 1318 2587 prostavit
1342 2489 1383 2561 ad
1405 2489 1573 2584 quondam
1596 2487 1727 2558 domina
1755 2489 1911 2582 eupraxia
1944 2491 2078 2564 honesta
2109 2493 2232 2565 femina

807 2641 917 2692 socera
940 2643 1022 2691 mea.
1043 2641 1103 2714 pro
1127 2617 1245 2714 quibus
1267 2615 1389 2714 placuit
1412 2616 1519 2710 adque
1542 2613 1705 2686 combenit
1727 2615 1811 2686 inter
1839 2615 1953 2686 nobis:
1981 2626 2013 2688 et
2037 2618 2125 2689 adie
2149 2642 2231 2714 pre-

807 2749 904 2821 sentis
928 2747 1002 2818 dedi
1026 2755 1058 2819 ct
1080 2747 1198 2818 tradidi
1220 2745 1279 2816 tibi
1302 2767 1363 2840 pro
1385 2740 1610 2837 suprascriptis
1644 2741 1761 2836 viginti
1790 2765 1894 2815 unum
1919 2744 1991 2817 auri
2021 2744 2138 2818 solidos
2162 2745 2231 2843 by·

807 2871 966 2942 thianteos
989 2871 1024 2943 ln
1047 2879 1188 2945 cantum.
1212 2869 1297 2941 ldest
1319 2869 1444 2962 integra
1467 2866 1637 2937 medietate
1660 2891 1725 2962 que
1747 2868 1809 2938 fuit
1840 2868 2050 2962 suprascripti
2075 2869 2138 2940 viri
2162 2872 2230 2942 mci

809 3019 851 3064 es
875 2994 999 3086 integra
1023 3019 1089 3067 una
1112 3005 1197 3068 terra
1220 2994 1324 3088 posita
1347 3015 1426 3066 vero
1450 2993 1490 3063 ad
1514 2992 1836 3065 sanctumdonatum
1860 2993 1901 3063 ad
1926 2991 2021 3068 felice
2044 3017 2142 3090 quom
2165 2997 2230 3068 do-

807 3119 888 3189 tinet
911 3118 1054 3189 marinus
1078 3120 1120 3191 de
1142 3119 1282 3190 iohanne
1305 3119 1346 3190 de
1369 3115 1576 3188 curilianum.
1601 3136 1667 3186 una
1692 3137 1768 3188 cum
1791 3115 1961 3187 arboribus
1983 3118 2157 3190 fructiferis
2174 3118 2231 3191 vel

808 3243 1016 3314 infructiferis
1039 3243 1136 3314 simul
1158 3267 1234 3314 cum
1257 3241 1429 3319 iuuoitum
1452 3263 1548 3312 suum
1571 3240 1787 3337 omnibusque
1810 3242 1873 3313 sivi
1905 3241 2148 3338 pertinentibus.
2171 3245 2232 3342 qui

808 3367 965 3439 indivisus
987 3369 1107 3438 reiecet
1129 3390 1206 3438 cum
1229 3367 1291 3438 alia
1313 3367 1485 3441 medietate
1508 3392 1572 3468 que
1595 3367 1654 3439 tibi
1670 3367 1744 3441 dedi
1768 3369 1808 3441 de
1825 3365 1969 3464 aligerno
1995 3379 2132 3462 cognato
2147 3391 2231 3442 meo.

808 3495 987 3568 Coberente
1014 3497 1076 3567 sivi
1107 3497 1239 3568 insimul
1267 3496 1484 3593 suprascripta
1514 3505 1602 3568 terra
1624 3496 1688 3568 hab
1719 3519 1788 3568 uno
1816 3496 1919 3590 capite
1946 3505 2038 3591 parte
2069 3497 2228 3569 horientis

808 3629 896 3692 terra
918 3619 1018 3693 sancti
1040 3619 1444 3694 hermeneumatis
1468 3622 1509 3693 de
1531 3621 1700 3692 latitudine
1723 3621 1807 3716 passi
1830 3619 1946 3714 viginti
1965 3629 1998 3692 et
2019 3621 2060 3692 (le
2084 3621 2149 3692 alio
2165 3643 2230 3693 ca-

808 3754 874 3845 pite
897 3759 987 3845 parte
1012 3750 1185 3824 occidentis
1207 3751 1262 3823 uia
1285 3751 1413 3846 publica
1436 3763 1469 3821 et
1491 3748 1588 3820 babet
1610 3749 1656 3820 ibi
1680 3749 1721 3820 de
1751 3747 1919 3821 latitudine
1949 3749 1989 3820 dc
2017 3750 2120 3820 fravia
2146 3752 2232 3844 passi

809 3875 1093 3972 quadragintadui.
1117 3875 1158 3947 de
1182 3897 1248 3946 nmo
1271 3873 1371 3946 latere
1402 3883 1493 3968 parte
1529 3871 1706 3945 meridiana
1734 3880 1781 3943 est
1804 3873 1858 3942 via
1886 3869 2013 3965 publica
2036 3881 2069 3941 et
2092 3871 2166 3944 abet
2190 3874 2233 3945 de

808 4003 1011 4096 longitudine
1034 4001 1119 4093 passi
1140 3999 1454 4094 centumvigintitres
1477 4023 1569 4071 seem
1592 4002 1657 4071 iam
1681 4001 1765 4071 dicta
1789 4001 1854 4072 uia.
1881 4013 1914 4073 et
1938 4001 2102 4094 quomodo
2126 4001 2231 4071 volbit

810 4132 845 4200 in
868 4148 996 4221 gamma
1020 4152 1039 4197 a
1062 4134 1153 4220 parte
1175 4127 1411 4218 septemtrionis
1434 4125 1526 4198 iuxta
1550 4135 1637 4198 terra
1659 4125 1794 4198 maraldi
1818 4135 1851 4200 et
1874 4129 1916 4200 dc
1939 4126 2143 4199 consortibus
2165 4130 2231 4200 suis
2285 4131 2287 4134 ’

809 4265 842 4328 et
866 4255 939 4327 abet
960 4253 1007 4324 ibi
1029 4254 1114 4348 passi
1136 4253 1252 4348 viginti
1275 4261 1415 4350 quatmr
1438 4261 1471 4324 et
1494 4253 1609 4328 abinde
1631 4255 1750 4327 iterum
1773 4256 1875 4328 solbit
1897 4257 1932 4328 in
1955 4267 2045 4354 parto
2074 4259 2231 4332 horientis

809 4393 843 4456 et
864 4392 939 4474 punt
960 4383 1045 4478 passi
1068 4381 1433 4478 quinquagintascptem.
1458 4393 1491 4455 et
1513 4407 1555 4458 ex
1578 4380 1641 4460 ulio
1665 4383 1763 4455 latere
1780 4395 1870 4478 parto
1886 4387 2123 4478 septemtrionis
2139 4397 2228 4458 terra

811 4512 967 4586 heredum
990 4512 1154 4608 quondam
1177 4511 1299 4590 domini
1321 4509 1525 4606 landclpaudf
1557 4519 1590 4583 et
1622 4511 1720 4582 babet
1748 4512 1788 4584 de
1811 4513 2010 4606 longitudine
2035 4515 2118 4607 passi
2146 4536 2230 4583 cen-

812 4637 1077 4730 tumootuaginu,
1113 4637 1245 4716 insimul
1274 4657 1353 4708 sero
1384 4634 1590 4729 suprascripti
1618 4635 1702 4728 passi
1727 4647 1801 4707 sunt
1833 4635 2010 4706 mensurati
2038 4637 2077 4708 ud
2101 4659 2230 4730 passum

812 4765 953 4833 ferreum
976 4770 1082 4834 sancte
1098 4759 1296 4856 neapolitano¹
1321 4761 1462 4834 ecclesie.
1486 4761 1527 4834 de
1550 4785 1615 4857 qua
1639 4762 1720 4833 nibil
1741 4763 1821 4834 mihi
1843 4788 1885 4834 ex
1899 4763 1968 4857 ipsa
1992 4763 2166 4834 medietate
2190 4786 2232 4834 ex

811 4887 880 4980 ipsa
905 4888 1029 4980 integra
1053 4895 1138 4958 terra
1163 4886 1293 4982 aliquod
1315 4887 1467 4960 remansit
1490 4893 1546 4956 aut
1568 4885 1732 4958 reserbavi
1755 4909 1814 4957 nec
1838 4887 1873 4956 in
1896 4887 2033 4958 alienam
2054 4908 2231 4980 personam

813 5011 958 5086 commisi
981 5021 1149 5107 potestate.
1177 5021 1209 5084 et
1233 5036 1252 5082 a
1275 5033 1359 5082 nunc
1385 5009 1533 5104 deinceps
1558 5035 1576 5078 a
1600 5031 1653 5080 me
1677 5007 1736 5080 tibi
1760 5009 1803 5080 sit
1825 5011 1898 5083 data
1922 5017 1955 5082 et
1979 5011 2096 5083 tradita
2123 5010 2234 5082 intua
