4854 6528
1427 942 1525 1016 CXL.

640 1217 698 1264 tn·
865 1201 896 1298 †
919 1204 956 1274 ln
979 1203 1108 1274 nomine
1132 1199 1258 1274 domini
1280 1200 1333 1271 dei
1356 1198 1522 1271 salvatoris
1546 1197 1649 1268 nostri
1664 1195 1759 1268 lhesu
1782 1192 1903 1267 Christi
1926 1181 2108 1288 imperante
2131 1203 2196 1274 do-

627 1329 714 1390 970.
770 1331 861 1404 mino
883 1339 994 1402 nostro
1016 1331 1129 1401 basilio
1145 1349 1264 1420 magno
1287 1327 1482 1417 Imperatore
1503 1343 1587 1393 anno
1611 1323 1737 1394 decimo
1760 1323 1816 1394 sed
1839 1331 1873 1394 et
1889 1321 2039 1394 nicilorio
2061 1335 2094 1397 et
2109 1349 2196 1398 con-

772 1460 913 1530 stantino
936 1458 1061 1548 magms
1083 1451 1355 1545 imperatoribus:
1382 1473 1466 1524 anno
1482 1449 1643 1544 septimo:
1670 1450 1723 1524 die
1738 1450 1899 1546 septima:
1926 1453 2067 1523 mensis:
2093 1457 2194 1549 magii

773 1582 967 1656 indictione:
993 1575 1212 1646 tertiadecima
1234 1575 1386 1670 neapoli:
1412 1579 1517 1647 Horta
1540 1585 1591 1650 est
1613 1577 1722 1672 itaque
1746 1575 1883 1648 intentio
1898 1579 1982 1649 inter
1998 1601 2051 1650 me
2066 1603 2195 1674 gemme

774 1707 839 1782 fllia
863 1701 1026 1798 quondam
1049 1699 1172 1772 domini
1195 1701 1293 1796 sergii
1317 1711 1350 1775 et
1375 1703 1538 1798 quondam
1562 1703 1694 1776 domins
1716 1726 1798 1774 anna
1813 1702 1946 1775 honesta
1962 1703 2082 1776 iemina
2096 1705 2195 1800 iuga-

773 1835 857 1903 libus
880 1851 1113 1924 personarum:
1140 1831 1212 1900 Una
1235 1853 1310 1900 cum
1333 1853 1525 1902 consensum
1549 1830 1672 1928 domini
1694 1829 1792 1925 sergii
1814 1831 1878 1902 viri
1900 1829 1991 1902 mei:
2026 1839 2059 1902 et
2082 1841 2114 1904 te
2137 1834 2192 1902 ri-

773 1955 889 2029 delicet
912 1953 1041 2026 domina
1056 1952 1144 2048 pitru
1167 1952 1300 2025 honesta
1324 1955 1452 2028 lemine.
1476 1956 1543 2028 lilia
1566 1958 1730 2050 quondam
1747 1956 1870 2028 domini
1893 1957 2055 2052 campuli:
2083 1958 2193 2030 eonius

775 2082 907 2180 quidem
931 2079 1054 2153 domini
1078 2077 1224 2173 stephani
1249 2078 1384 2150 militis:
1411 2079 1452 2152 de
1476 2080 1653 2154 intentione
1669 2081 1833 2178 quainter
1848 2103 1906 2153 nos
1923 2082 2093 2154 abuimm:
2117 2107 2196 2178 pro-

774 2221 847 2307 pter
869 2233 935 2282 una
958 2207 1042 2302 petia
1066 2209 1107 2280 de
1130 2207 1266 2282 lundum
1289 2209 1452 2306 positum:
1478 2230 1576 2304 super
1599 2209 1686 2282 elihu
1710 2221 1743 2282 et
1765 2221 1909 2286 sanctum
1934 2222 2062 2306 ρεῑιιιιιι
2079 2221 2112 2282 nt
2131 2235 2193 2306 pa-

775 2344 929 2408 ternum:
956 2333 1014 2428 qui
1038 2334 1110 2406 abet
1133 2333 1206 2407 linis
1230 2333 1270 2404 eb
1294 2357 1361 2406 uno
1384 2335 1485 2409 latere
1508 2335 1646 2410 fundum
1669 2337 1853 2410 monasterii
1876 2335 1998 2409 sancti:
2025 2333 2196 2406 sabastiani

776 2471 808 2533 et
832 2460 872 2528 ab
896 2459 959 2532 alio
981 2461 1081 2531 latere
1105 2485 1124 2530 a
1146 2467 1237 2554 parte
1259 2462 1494 2554 septemtrionis
1518 2462 1649 2533 coheret
1671 2463 1808 2535 fundum
1825 2473 1916 2536 tuum
1932 2473 2112 2534 memorata
2131 2463 2197 2535 do-

775 2583 865 2656 mina
887 2582 976 2678 pitru
998 2583 1057 2678 qui
1080 2583 1140 2654 tivi
1163 2584 1301 2680 pertinet
1322 2607 1381 2680 per
1403 2585 1568 2682 qnondam
1591 2586 1721 2658 domina
1743 2587 1847 2657 meris
1868 2588 2030 2682 genetrice
2054 2597 2138 2657 toa:
2165 2597 2201 2660 et

777 2719 811 2781 at
833 2719 1011 2782 memorata
1034 2708 1196 2805 genetrice
1219 2719 1276 2782 tua
1299 2711 1478 2806 pertinuit:
1504 2733 1563 2804 per
1585 2713 1749 2806 quondam
1766 2714 1899 2785 domino
1914 2735 1992 2784 urso
2016 2711 2196 2808 genitorem

777 2859 897 2912 suum:
924 2838 998 2909 abio
1021 2847 1098 2910 tuo:
1125 2838 1221 2912 sicuti
1242 2841 1328 2912 inter
1351 2861 1386 2912 se
1408 2839 1561 2912 termines
1584 2841 1716 2915 exlinat.
1747 2852 1780 2910 et
1804 2849 1837 2910 at
1860 2847 2039 2913 memorato
2063 2841 2195 2913 dominu

778 2987 857 3038 urso
879 2965 1049 3060 pertinuit:
1076 2989 1135 3061 per
1157 2965 1367 3038 commutatio
1389 2989 1455 3062 que
1470 2973 1503 3036 at
1525 2989 1602 3040 eum
1616 2967 1692 3038 iecit
1715 2965 1882 3038 dominum
1907 2967 2078 3040 iohannem
2093 2967 2195 3042 lilium

779 3093 944 3187 quondam
968 3093 1091 3166 domini
1114 3093 1231 3166 marini
1254 3091 1402 3166 tribuni:
1437 3104 1472 3166 et
1493 3090 1534 3162 ab
1557 3113 1625 3163 uno
1648 3091 1775 3186 eapite:
1814 3091 1947 3164 coheret
1979 3092 2032 3164 via
2055 3115 2192 3188 compe-

779 3219 905 3293 niarin:
930 3229 963 3292 et
986 3220 1027 3291 als
1050 3221 1114 3291 elio
1137 3219 1241 3314 capite
1263 3228 1312 3292 est
1333 3219 1470 3297 fundum
1486 3221 1544 3316 qui
1560 3219 1680 3292 detinet
1694 3221 1746 3290 leo
1763 3219 1910 3292 exadello
1927 3242 2082 3313 germano
2098 3243 2190 3292 meo:

779 3349 868 3442 quod
891 3356 940 3420 eat
963 3347 1004 3420 ad
1026 3349 1141 3444 equale
1165 3369 1339 3422 mensura:
1366 3347 1407 3420 de
1430 3370 1494 3442 qua
1518 3345 1645 3418 dicebat
1669 3369 1741 3439 pars
1763 3369 1859 3417 mea:
1886 3343 2029 3416 atbersus
2062 3355 2094 3415 te
2116 3345 2196 3440 quia

779 3483 956 3546 memorata
988 3474 1074 3568 petia
1109 3475 1149 3547 de
1181 3486 1396 3548 memoratum
1427 3475 1584 3546 fundum:
1617 3459 1755 3569 qualiter
1779 3481 1969 3543 memoratas
1993 3467 2194 3542 mherentias

781 3597 992 3672 circundant:
1018 3623 1091 3670 mea
1114 3607 1162 3670 est
1184 3609 1217 3671 et
1239 3599 1321 3672 milri
1344 3599 1482 3692 pertinet
1496 3621 1554 3693 per
1569 3599 1734 3695 quondam
1755 3603 1932 3670 memorat:
1955 3594 2083 3667 domim
2107 3617 2191 3666 anna

779 3725 942 3817 genetrice
955 3748 1039 3797 mea:
1059 3735 1092 3798 ct
1105 3735 1138 3796 ct
1153 3735 1332 3799 memorata
1347 3725 1509 3818 genetrice
1525 3748 1597 3798 mea
1613 3723 1783 3820 pertinuit:
1805 3747 1863 3818 per
1878 3723 2041 3819 quondam
2055 3723 2187 3796 domina

778 3846 1020 3922 theodonanda:
1038 3849 1111 3921 avia
1127 3873 1198 3922 mea
1214 3850 1375 3944 genetrice
1389 3871 1466 3920 sua:
1493 3857 1526 3922 et
1548 3849 1616 3942 ipsa
1639 3849 1712 3921 avia
1726 3871 1798 3920 mea
1813 3848 1848 3918 in
1863 3847 2012 3941 portione
2027 3847 2150 3941 tetigit:
2176 3873 2196 3917 a

778 3974 944 4066 quondam
958 3987 1136 4049 memorato
1151 3979 1284 4050 domino
1298 4001 1376 4050 urso
1392 3978 1467 4048 avio
1482 3986 1552 4048 tum
1572 3999 1726 4070 germano
1741 3975 1842 4069 ipsius
1855 3975 1986 4046 domina
2000 3973 2199 4046 theodonan-

779 4097 836 4170 da:
855 4095 925 4166 ahia
949 4121 1022 4169 mea
1038 4124 1112 4192 pars
1127 4112 1183 4172 tua
1199 4101 1339 4174 dicebat:
1365 4100 1447 4194 apsit
1461 4100 1538 4194 quia
1552 4098 1670 4170 veritas
1685 4121 1749 4168 non
1765 4106 1834 4168 est:
1852 4109 1901 4170 set
1916 4107 2093 4170 memorate
2113 4096 2199 4191 petia

780 4244 823 4292 ex
837 4218 946 4316 ipsum
959 4221 1114 4294 fundum:
1140 4224 1278 4319 qualiter
1300 4231 1493 4297 memoratas
1516 4221 1714 4292 coherentia:
1728 4221 1942 4294 circundant:
1968 4234 2063 4295 tuum
2077 4223 2138 4292 siat
2164 4230 2197 4292 et

779 4356 961 4420 memorato
984 4345 1118 4419 domino
1141 4371 1218 4422 urso
1242 4349 1317 4420 abio
1331 4363 1411 4419 tuo:
1438 4347 1473 4416 in
1495 4343 1644 4440 portione
1668 4346 1847 4438 tetigisset:
1874 4347 1916 4416 da
1939 4357 2117 4420 memoratu
2140 4347 2197 4418 do·

779 4475 868 4547 mina
883 4473 1108 4549 theodonanda
1123 4502 1132 4549 :
1159 4478 1231 4548 abia
1246 4499 1318 4547 mea
1332 4499 1341 4546 :
1371 4483 1503 4568 propter
1522 4473 1612 4568 quod
1627 4473 1695 4566 ipso
1710 4473 1839 4544 domina
1853 4473 2100 4560 theodemanda:
2126 4473 2197 4544 ahi:

778 4623 876 4671 mea:
903 4601 1065 4674 athicem
1088 4603 1264 4698 tetigisset:
1298 4603 1367 4697 ipsa
1390 4599 1499 4696 portio
1522 4623 1587 4694 que
1610 4621 1653 4670 ex
1675 4597 1783 4692 ipsum
1806 4596 1941 4668 lundum
1973 4597 2095 4669 detinet
2118 4619 2197 4668 me-

779 4727 910 4792 morato
933 4721 986 4792 leo
1009 4725 1157 4796 exadelio
1180 4749 1279 4796 meo:
1305 4727 1393 4820 quod
1409 4733 1456 4798 est
1472 4725 1506 4795 in
1521 4723 1702 4794 trabersum
1717 4723 1877 4794 divisum:
1904 4731 1937 4792 et
1959 4731 2008 4792 est
2030 4721 2071 4792 ad
2087 4744 2195 4815 equa-

779 4844 846 4917 lem
869 4867 1036 4918 mensura:
1069 4846 1200 4944 insuper
1222 4852 1396 4923 ostensistis
1419 4849 1502 4922 milri
1524 4851 1559 4921 in
1582 4847 1726 4920 iudicio:
1757 4855 1790 4916 et
1811 4869 1876 4918 uua
1899 4843 2045 4918 elnartula
2068 4846 2199 4916 securi-

780 4973 874 5045 tatis:
910 4995 976 5068 que
999 4977 1141 5050 lecerat:
1175 4987 1350 5049 memorata
1374 4975 1506 5048 domina
1528 4973 1772 5046 theodonanda:
1799 4973 1872 5046 ahia
1895 4995 1992 5046 mea:
2020 4983 2052 5043 at
2079 4995 2198 5046 nomen
