4900 6528
1433 921 1600 996 CLXXIV.

653 1216 710 1265 an.
875 1185 968 1280 †ln
1000 1184 1133 1276 nomine
1163 1185 1290 1257 domini
1322 1186 1374 1254 dei
1405 1177 1576 1252 salvatoris
1608 1173 1713 1246 nostri
1743 1173 1842 1248 lbesu
1875 1168 1995 1245 Christi
2024 1175 2203 1271 lmpermte

640 1333 726 1394 979.
781 1312 913 1386 domino
936 1319 1048 1386 nostro
1070 1311 1185 1382 basilio
1207 1329 1326 1399 magno
1350 1309 1548 1399 Imperatore
1575 1323 1661 1374 anno
1683 1299 1908 1372 nonodecimo.
1932 1301 1990 1372 sed
2005 1310 2038 1373 et
2052 1315 2201 1376 constan-

782 1439 851 1510 tino
873 1461 993 1534 magno
1017 1437 1209 1528 imperatore
1232 1433 1331 1502 stater
1354 1429 1424 1501 eius
1447 1451 1533 1502 anno
1556 1427 1783 1502 sextodecimo.
1806 1427 1869 1498 Die
1892 1427 1999 1521 prima
2017 1429 2136 1501 mensis
2150 1431 2202 1502 ia·
2279 1469 2286 1484 ·

781 1567 888 1640 nuarii
910 1561 1082 1637 indictione
1105 1557 1240 1652 septima
1263 1557 1414 1652 neapoli:
1440 1557 1574 1630 Certum
1588 1566 1637 1631 est
1651 1579 1704 1630 me
1727 1556 1891 1630 marinum
1915 1556 2021 1631 lilium
2041 1563 2202 1654 quondam

782 1693 905 1768 domini
927 1690 1025 1784 sergii
1047 1687 1172 1760 dudum
1194 1689 1327 1783 preteeti
1347 1697 1379 1762 et
1393 1688 1522 1760 fortiori
1544 1686 1674 1762 civitate
1697 1687 1877 1784 synantine
1901 1689 2110 1784 postmodnm
2125 1713 2202 1762 vero

781 1815 941 1889 monachi.
965 1815 995 1886 A
1020 1812 1162 1911 presenti
1185 1811 1237 1884 dic
1260 1814 1478 1903 promtissima
1500 1813 1681 1887 volumtate
1703 1813 1902 1887 commutavi
1924 1825 1958 1886 et
1972 1815 2090 1890 tradidi
2115 1817 2206 1888 vobis

784 1949 917 2020 domino
939 1945 1072 2018 iohanni
1103 1941 1280 2016 venerabili
1313 1965 1479 2041 ygumeno
1511 1945 1699 2022 monasterii
1721 1951 1907 2020 sanctorum
1933 1944 2019 2041 sergi
2040 1955 2075 2020 et
2097 1945 2206 2019 baschi

784 2075 843 2170 qui
865 2095 952 2144 nunc
974 2079 1188 2167 congregatus
1211 2091 1245 2143 es
1268 2071 1303 2143 in
1327 2074 1524 2148 monasterio
1541 2081 1725 2150 sanctornm
1746 2071 1897 2146 theodori
1911 2079 1945 2145 et
1961 2072 2132 2148 sebastiani
2153 2075 2208 2170 qui

786 2199 963 2295 appellatur
986 2197 1141 2292 casapicta
1164 2195 1263 2270 situm
1285 2197 1321 2268 in
1335 2197 1515 2272 viridiario.
1541 2201 1633 2274 lDest
1648 2201 1789 2296 integras
1804 2201 1884 2272 duas
1900 2207 2001 2272 terras
2016 2219 2104 2274 meas
2121 2223 2207 2272 con-

785 2326 910 2398 stitutas
933 2322 1013 2396 bero
1035 2323 1070 2396 in
1093 2321 1165 2394 loco
1187 2322 1246 2420 qui
1269 2329 1405 2398 vocatur
1430 2325 1578 2398 malitum
1608 2326 1801 2421 pertinentes
1828 2347 1909 2395 vero
1936 2324 2018 2395 mibi
2042 2327 2084 2398 de
2108 2325 2211 2396 fundo

786 2475 859 2526 mco
882 2453 924 2524 de
947 2449 1169 2544 carpinianum
1195 2474 1261 2523 una
1284 2473 1362 2524 cum
1385 2453 1553 2532 uveribus
1585 2459 1618 2522 at
1648 2448 1794 2520 inuoitas
1821 2469 1894 2522 suas
1918 2448 2135 2544 omnibusque
2162 2449 2212 2520 eis

785 2575 1025 2673 pertinentibus
1049 2599 1093 2648 ex
1115 2573 1235 2672 quibus
1258 2601 1323 2650 una
1345 2577 1430 2673 petia
1453 2575 1512 2673 qui
1534 2571 1651 2647 dicitur
1674 2573 1715 2646 de
1738 2571 1788 2644 illi
1810 2573 1852 2646 de
1874 2571 2111 2666 carpinianum.
2136 2571 2212 2642 Go-

785 2704 917 2778 herente
941 2703 1003 2775 sivi
1025 2702 1090 2774 lrab
1112 2725 1181 2774 uno
1204 2701 1304 2776 latere
1326 2713 1418 2798 parte
1441 2698 1678 2798 septemtrionis
1713 2705 1799 2770 terra
1818 2695 1965 2792 stephani
1988 2695 2148 2768 Katitilla.
2177 2708 2208 2768 et

786 2854 830 2903 ex
853 2829 917 2902 alio
940 2829 1040 2901 latere
1062 2835 1154 2923 parte
1176 2827 1354 2900 meridiana
1376 2837 1462 2898 terra
1485 2823 1632 2921 stephani
1647 2823 1716 2896 lilio
1732 2822 1829 2896 leoni.
1855 2823 1896 2894 de
1915 2841 1983 2894 uno
1997 2821 2101 2918 capite
2116 2834 2208 2916 parte

786 2951 943 3030 horientis
965 2959 1051 3023 terra
1073 2949 1160 3024 boni
1182 2948 1351 3046 presbiteri
1373 2949 1460 3022 serbi
1484 2950 1550 3022 mei
1573 2949 1642 3022 filio
1665 2947 1841 3044 carpiniani
1863 2945 1950 3020 serbi
1973 2947 2049 3020 mei.
2077 2949 2117 3020 de
2142 2948 2207 3019 alio

787 3079 891 3174 capite
913 3086 1004 3173 parte
1026 3078 1223 3153 boccidentis
1248 3089 1331 3153 terra
1354 3079 1461 3152 niceta
1483 3077 1552 3150 filie
1575 3077 1699 3150 domini
1721 3075 1822 3172 sergii
1854 3085 1888 3148 et
1910 3075 2008 3150 buvet
2031 3077 2071 3150 dc
2094 3078 2209 3173 longi-

787 3206 898 3280 tudine
921 3229 982 3301 pro
1005 3229 1205 3304 unoquoque
1239 3207 1338 3282 latere
1371 3227 1481 3301 passos
1513 3203 1721 3300 boctuaginta
1749 3212 1892 3302 quatuor
1919 3217 1953 3276 et
1977 3207 2018 3279 de
2040 3205 2210 3279 latitudine

787 3359 850 3430 pro
872 3357 1071 3431 unoquoque
1095 3337 1198 3431 capite
1220 3357 1329 3432 passos
1352 3335 1463 3410 boeto.
1488 3334 1628 3407 mcunda
1651 3332 1737 3428 petia
1756 3356 1821 3428 que
1840 3340 1975 3405 vocatur
1998 3329 2210 3406 castanietum

787 3461 958 3537 coherente
972 3461 1036 3536 sivi
1050 3461 1114 3536 hab
1128 3483 1196 3534 uno
1210 3459 1309 3534 latere
1323 3469 1415 3556 parte
1429 3457 1667 3554 septemtrionis
1680 3465 1765 3529 terra
1781 3457 1952 3529 memorati
1966 3457 2053 3530 leoni
2076 3458 2212 3552 presbi-

786 3590 848 3660 teri
883 3588 968 3660 serbi
1001 3589 1080 3661 mei.
1115 3589 1154 3662 cle
1190 3587 1253 3660 alio
1284 3587 1384 3661 latere
1407 3593 1498 3680 parte
1530 3583 1708 3661 meridiana
1739 3594 1826 3658 terra
1860 3587 2031 3658 memorati
2060 3585 2209 3680 stephani

788 3715 855 3788 filio
877 3717 1049 3790 memorati
1072 3714 1157 3788 leoni
1173 3715 1214 3788 de
1227 3737 1295 3789 uno
1319 3715 1424 3808 capite
1447 3721 1538 3808 parte
1562 3711 1718 3786 horientis
1742 3721 1828 3785 terra
1850 3713 1996 3808 stephani
2012 3713 2142 3786 berarii.
2172 3715 2210 3786 de

787 3841 851 3914 alio
874 3843 978 3939 capite
1001 3851 1091 3939 parte
1114 3841 1312 3918 hoccidentis
1334 3841 1389 3914 via
1412 3839 1544 3936 publici.
1568 3850 1601 3914 et
1624 3841 1721 3914 havet
1743 3843 1784 3914 de
1805 3839 2008 3934 longitudine
2031 3862 2092 3935 pro
2117 3863 2209 3912 uno-

786 3991 919 4064 quoque
941 3971 1041 4044 latere
1064 3992 1173 4065 passos
1196 3969 1328 4066 triginta
1351 3976 1493 4064 quatem
1522 3979 1556 4042 et
1580 3971 1619 4043 de
1642 3961 1811 4041 latitudine
1839 3991 1899 4062 pm
1923 3990 2126 4064 unoquoque
2152 3992 2210 4040 ca·

786 4095 855 4190 pite
889 4115 996 4190 passm
1029 4097 1223 4190 quindecim.
1256 4094 1388 4170 insimul
1421 4119 1501 4173 vero
1534 4097 1704 4170 memorati
1735 4097 1821 4192 passi
1851 4099 1891 4169 ad
1915 4115 2043 4192 passum
2068 4099 2208 4170 ferreum

786 4227 893 4294 sancte
920 4219 1120 4316 neapolitane
1143 4221 1296 4294 ecclesie:
1323 4245 1488 4319 quamque
1514 4223 1714 4296 commutavi
1741 4231 1774 4296 et
1789 4225 1905 4299 tradidi
1931 4225 2023 4296 vobis
2039 4233 2072 4298 et
2086 4227 2211 4320 integra

787 4347 971 4441 portionem
997 4367 1104 4420 meam
1129 4345 1169 4418 de
1197 4355 1342 4419 menmm
1369 4347 1409 4418 de
1434 4345 1593 4440 casapauli
1617 4347 1723 4420 cultus
1748 4346 1800 4418 vel
1822 4346 1962 4420 incultus
1985 4357 2019 4420 et
2042 4349 2082 4420 de
2106 4371 2208 4420 mon-

784 4486 851 4548 tem
876 4503 896 4550 a
920 4485 1025 4572 pretas
1050 4477 1089 4550 de
1113 4476 1199 4550 mole
1227 4474 1338 4570 ibique
1364 4474 1460 4546 simul
1487 4497 1564 4546 cum
1587 4475 1734 4546 introitus
1751 4499 1825 4550 suas
1846 4477 2060 4574 omnibusque
2075 4478 2121 4552 eis
2138 4500 2210 4572 per·

786 4605 961 4677 tinentibus
985 4605 1180 4699 pertinentes
1210 4626 1290 4678 vcro
1317 4601 1399 4674 mihi
1424 4610 1649 4684 amemurato
1676 4605 1816 4698 genitori
1843 4629 1929 4679 meo.
1965 4609 2014 4680 De
2039 4631 2105 4701 qua
2130 4605 2212 4678 nihil

787 4731 870 4804 mibi
900 4757 941 4803 ex
965 4732 1016 4802 bis
1039 4733 1190 4804 omnibus
1213 4757 1278 4829 que
1306 4732 1453 4825 superius
1475 4731 1568 4804 vobis
1592 4734 1791 4806 commutavi
1815 4733 1947 4830 aliquod
1972 4736 2126 4808 remansit
2153 4743 2209 4806 aut

784 4857 947 4930 reservavi
972 4879 1031 4926 nec
1053 4857 1087 4926 ia
1104 4856 1239 4928 alienam
1255 4879 1405 4952 personas
1423 4857 1645 4930 commisimus
1662 4867 1864 4954 potestatem.
1881 4869 1914 4932 et
1935 4883 2056 4932 annuc
2071 4870 2105 4930 et
2119 4859 2214 4932 dein·

792 5007 866 5080 ceps
893 5009 910 5054 a
939 4981 1109 5054 movebis
1137 4983 1201 5054 sint
1231 4993 1442 5056 commutatas
1473 4993 1507 5054 et
1532 4986 1661 5056 traditas
1687 4987 1721 5058 in
1745 4997 1849 5060 vestra
1876 4989 2077 5082 posterisque
2099 4987 2211 5058 vesteis
