4954 6532
1430 661 1443 757 (
1466 669 1509 732 ²⁸
1534 656 1547 754 )

776 825 880 899 boniti
903 829 937 898 et
957 817 1122 914 bonelgisu
1153 815 1275 914 iugales
1305 837 1382 890 cum
1414 825 1543 912 petrum
1565 824 1598 890 et
1627 837 1740 890 ursum
1772 832 1829 889 seu
1857 815 1959 887 marie
1982 821 2015 888 et
2037 814 2185 890 iobaunis

776 951 850 1027 filiis
873 958 906 1023 et
929 949 995 1021 filia
1018 967 1145 1017 eorum.
1167 953 1200 1016 et
1219 943 1305 1013 bona
1328 943 1394 1016 fitia
1416 941 1572 1012 ursiniani
1594 966 1670 1013 com
1692 944 1795 1016 maria
1818 941 1883 1014 filia
1905 964 1973 1012 sua.
1995 941 2056 1014 bec
2080 952 2189 1016 autem

779 1085 1031 1154 memoratarum
1064 1073 1261 1146 nominatibe
1284 1077 1358 1142 octo
1389 1093 1540 1166 personas
1564 1071 1622 1166 qui
1656 1073 1831 1163 tetigerunt
1855 1093 1897 1142 av
1920 1070 2053 1142 odierna
2077 1071 2129 1142 die
2154 1071 2190 1143 in

773 1217 832 1284 tua
849 1203 1049 1301 posterisque
1064 1203 1128 1274 tuis
1144 1209 1389 1295 memoratoque
1403 1207 1515 1271 senato
1529 1207 1562 1270 et
1577 1199 1753 1271 venerabili
1770 1204 1882 1268 vestro
1906 1197 2102 1270 mmasterio
2125 1198 2190 1270 siut

774 1337 929 1427 potestate
952 1329 1113 1426 quidquid
1127 1351 1170 1400 ex
1185 1329 1232 1399 eis
1247 1329 1351 1398 iacere
1373 1324 1552 1398 volueritis.
1579 1348 1599 1392 a
1622 1323 1715 1394 nobis
1739 1331 1848 1396 autem
1863 1347 1924 1396 uec
1947 1349 1967 1396 a
1990 1324 2108 1396 nostrie
2125 1323 2191 1398 be-

774 1457 904 1530 redibus
925 1456 1015 1528 nullo
1039 1463 1186 1548 tempore
1207 1477 1377 1551 nunquam
1393 1461 1430 1523 tu
1444 1460 1500 1523 aut
1515 1452 1652 1546 posteris
1675 1451 1740 1524 tuis
1763 1475 1824 1522 nec
1846 1459 2043 1523 memoratus
2057 1459 2185 1523 sanctus

777 1593 812 1655 et
833 1579 1023 1654 venerabilis
1044 1579 1150 1650 beeter
1173 1579 1386 1650 monasterius
1408 1577 1497 1674 quod
1522 1577 1603 1648 absit
1616 1576 1759 1648 babeatis
1774 1601 1817 1648 ex
1831 1601 1887 1649 eos
1907 1599 2114 1673 quacumque
2129 1599 2190 1648 re-

774 1706 982 1802 quisitionem
1004 1713 1061 1776 aut
1083 1703 1228 1776 molestia
1251 1729 1310 1799 per
1333 1705 1460 1778 nullum
1482 1705 1617 1776 modum
1641 1727 1702 1776 nec
1720 1729 1779 1800 per
1795 1704 1973 1776 summissis
1988 1703 2133 1797 personis
2147 1701 2190 1772 ba
2217 1711 2226 1732 '

774 1855 862 1904 nunc
882 1839 916 1902 et
937 1831 1147 1924 imperpetuis
1181 1831 1391 1924 temporibus.
1425 1834 1559 1924 insuper
1593 1832 1685 1900 omni
1720 1840 1865 1922 tempore
1899 1851 1964 1920 ego
1994 1833 2192 1896 memoratus

773 1955 897 2046 sergius
919 1963 953 2026 et
974 1955 1108 2027 heredes
1123 1957 1204 2028 meis
1226 1965 1441 2030 memoratum
1455 1955 1673 2046 ugualferium
1694 1961 1846 2044 nepotem
1868 1973 1980 2021 meum
2002 1958 2035 2021 et
2056 1949 2191 2020 heredes

774 2076 845 2147 eius
867 2073 928 2146 tibi
950 2076 1150 2170 posterisque
1174 2079 1238 2148 tuis
1261 2088 1503 2170 memoratoque
1519 2081 1629 2144 sancto
1645 2081 1754 2145 vestro
1769 2073 1964 2144 monasterio
1979 2072 2094 2144 exinde
2127 2073 2189 2143 de-

778 2222 875 2292 super
896 2197 1008 2270 toliere
1022 2200 1238 2292 promittimus
1254 2199 1373 2294 ubsque
1387 2203 1475 2270 omui
1493 2210 1601 2270 vestra
1616 2199 1808 2270 damnietate
1823 2197 1912 2270 uuila
1927 2197 2021 2268 vobis
2044 2197 2190 2268 mittente

774 2323 1043 2394 boccensionem:
1069 2325 1166 2392 etad
1191 2328 1294 2391 vicem
1318 2327 1492 2412 tetigerunt
1527 2351 1589 2394 nos
1612 2327 1687 2393 totis
1716 2350 1780 2418 pro
1800 2335 2012 2396 memoratam
2042 2323 2189 2417 quintam

774 2455 900 2542 partem
921 2453 1031 2518 nostre
1054 2445 1136 2516 idest
1158 2444 1266 2516 sillitta
1290 2451 1323 2514 et
1345 2444 1447 2514 maria
1470 2466 1527 2514 seu
1550 2445 1679 2516 leonem
1702 2451 1863 2540 germanis
1880 2449 1960 2518 tibae
1982 2457 2014 2517 et
2029 2448 2097 2518 nuo
2113 2471 2191 2520 me-

779 2577 905 2644 morate
928 2570 1012 2642 bone
1034 2570 1093 2663 qui
1117 2577 1150 2640 te
1170 2567 1318 2662 superius
1341 2569 1471 2661 tetigit:
1497 2569 1601 2638 utba
1625 2591 1711 2639 nuuc
1735 2570 1885 2664 deinceps
1919 2581 2097 2643 memorata
2129 2573 2193 2643 sil-

776 2699 846 2768 litta
869 2708 902 2767 et
924 2697 1026 2770 maria
1048 2719 1105 2768 seu
1128 2697 1220 2768 leone
1244 2696 1404 2788 germanis
1427 2695 1462 2764 iu
1485 2703 1595 2766 nostra
1618 2696 1800 2790 nostrisque
1823 2697 1994 2768 heredibus
2009 2698 2071 2768 sint
2094 2707 2193 2789 pote-

778 2829 861 2892 state
882 2821 1043 2917 quidquid
1065 2843 1108 2894 ex
1131 2821 1177 2892 eis
1192 2821 1297 2891 iacere
1312 2819 1523 2893 voluerimus.
1543 2846 1563 2890 e
1585 2841 1645 2890 vos
1668 2826 1779 2890 autem
1792 2842 1852 2890 nec
1875 2843 1894 2888 a
1916 2818 2052 2912 posteris
2075 2821 2192 2892 restris

779 2968 841 3014 nec
873 2954 1095 3016 amcmcrato
1127 2955 1238 3017 sancto
1272 2956 1305 3018 et
1336 2945 1512 3020 venerabili
1551 2955 1660 3019 vestro
1688 2945 1884 3017 monasterio
1922 2967 1989 3016 nou
2018 2944 2193 3026 habeamus

777 3091 818 3140 ex
843 3067 890 3136 eis
913 3089 972 3138 nos
985 3079 1042 3138 aut
1053 3068 1187 3142 heredes
1210 3070 1327 3141 nosen
1350 3093 1557 3166 quacumque
1580 3071 1790 3166 requisitione
1819 3093 1877 3166 per
1903 3073 2030 3145 nullum
2059 3075 2193 3145 modum

778 3213 838 3263 nec
853 3215 914 3286 per
933 3193 1110 3266 summissis
1125 3196 1269 3288 personis
1297 3194 1505 3290 imperpetuis
1531 3195 1740 3287 temporibus.
1756 3197 1843 3286 Quia
1870 3195 1914 3265 ita
1926 3197 2019 3268 nobis
2048 3198 2193 3290 compla-

773 3317 845 3386 cui:
872 3317 907 3386 Si
929 3325 1038 3388 autem
1060 3339 1120 3386 uos
1143 3327 1199 3388 aut
1220 3318 1354 3389 heredes
1385 3317 1503 3392 nostris
1527 3319 1645 3414 quovis
1672 3327 1825 3412 ternpore
1851 3329 1962 3390 contra
1988 3321 2071 3390 banc
2097 3321 2193 3390 cbar-

774 3437 875 3510 tulem
897 3439 1128 3512 combenientie
1151 3439 1317 3516 &usionis
1341 3450 1378 3514 ut
1399 3465 1496 3537 super
1518 3443 1638 3535 legitur
1661 3443 1771 3516 venire
1794 3445 2057 3537 presumserimus
2075 3447 2190 3516 etmi-

719 3578 728 3596 ·
776 3563 864 3636 nime
887 3565 1169 3659 adimpleverimus
1191 3571 1252 3642 bec
1275 3573 1385 3644 omnia
1410 3579 1587 3643 memorata
1610 3578 1643 3639 et
1665 3570 1700 3639 in
1723 3569 1846 3662 aliquid
1876 3569 2103 3640 offenderimus
2127 3593 2187 3662 per

777 3686 894 3780 quovis
924 3689 1058 3761 modum
1086 3699 1144 3762 aut
1165 3692 1344 3766 summissis
1375 3693 1531 3788 personis.
1555 3701 1633 3763 terne
1656 3692 1879 3786 componimus
1903 3691 1963 3762 tibi
1992 3692 2193 3787 posterisque

778 3813 843 3884 tuis
865 3823 1107 3909 memoratoque
1141 3827 1251 3888 sancto
1285 3828 1395 3890 vestm
1421 3819 1617 3891 monasterio
1638 3818 1739 3890 libras
1762 3817 1834 3888 auri
1857 3827 1923 3903 tres
1946 3817 2135 3911 bytianteas.
2161 3829 2221 3890 et·

779 3937 840 4010 bea
851 3939 995 4016 chanula
1006 3939 1143 4033 qualiter
1155 3941 1296 4012 continet
1308 3942 1349 4013 sit
1364 3945 1458 4014 firma
1469 3943 1503 4011 iu
1516 3953 1721 4036 perpetuum:
1732 3941 1851 4036 scripta
1862 3965 1921 4038 per
1931 3965 2046 4016 manus
2061 3943 2195 4017 iohanni

780 4062 910 4132 curialis
932 4085 993 4155 pro
1015 4063 1189 4134 indictione
1212 4073 1390 4136 memorata
1412 4067 1536 4138 decima
1560 4068 1594 4162 †

876 4181 908 4276 †
931 4186 1003 4255 Hoc
1015 4186 1144 4279 rignum
1159 4183 1189 4280 †
1204 4209 1317 4260 mancas
1339 4192 1509 4263 memorati
1532 4193 1630 4286 sergii
1652 4217 1728 4267 cum
1750 4197 1913 4273 voluntate
1936 4209 2112 4274 memorate
2127 4201 2194 4272 do·

784 4311 869 4384 mine
885 4313 1078 4407 rodelgrime
1100 4316 1248 4407 genitrici
1270 4339 1350 4390 stre:
1368 4318 1498 4412 signum
1518 4315 1550 4414 †
1572 4345 1685 4393 mantra
1707 4335 1883 4398 memorate
1905 4329 2106 4422 radimperge
2129 4351 2195 4422 que

783 4459 1020 4532 supernomen
1043 4441 1177 4533 desige:
1201 4443 1330 4536 signum
1352 4443 1384 4540 †
1406 4469 1519 4518 manus
1550 4459 1727 4522 memorate
1754 4451 1853 4523 drosu
1876 4461 1909 4524 et
1932 4453 2105 4548 eupraxiae
2130 4479 2194 4548 que

782 4583 879 4656 super
902 4583 1020 4636 nomen
1042 4569 1167 4656 gemma
1180 4587 1357 4659 germanas.
1373 4570 1501 4664 signum
1516 4569 1671 4666 †mauus
1684 4585 1858 4646 memorate
1874 4599 1954 4647 anne
1970 4575 2193 4650 theodonande

785 4711 969 4786 germanas.
998 4689 1134 4784 Signum
1150 4691 1180 4786 †
1197 4717 1309 4767 manus
1332 4707 1508 4770 memorate
1532 4699 1629 4770 drosu
1651 4701 1715 4774 hoc
1738 4711 1786 4776 est
1807 4714 1953 4800 parentes
1977 4713 2010 4778 et
2032 4713 2196 4778 consortes

784 4818 874 4910 quod
898 4839 960 4911 ego
983 4817 1041 4912 qui
1063 4831 1255 4892 memoratos
1285 4845 1345 4915 pro
1369 4821 1418 4892 eis
1438 4823 1610 4920 subscripsi
1632 4825 1664 4926 †

881 4935 913 5034 †
937 4945 1025 5018 Euo
1047 4950 1315 5018 rrnromorc
1337 4927 1447 5026 io'r‘n
1469 4945 1501 5042 †
