4876 6532
1417 625 1560 724 (104)

773 786 907 858 modum
931 793 988 855 out
1011 781 1190 857 summissis
1215 783 1372 878 personis.
1391 795 1468 855 tnnc
1492 781 1716 878 componimus
1739 779 1832 852 robis
1849 780 2059 874 posterisque.
2083 788 2199 858 restris

774 923 807 982 ot
831 912 865 983 iu
889 921 1069 985 memorato
1091 921 1202 982 sancto
1226 919 1335 983 vestro
1358 911 1553 984 monasterio
1577 909 1649 980 suri
1664 907 1784 980 solidos
1801 908 1970 980 duodecim
1994 907 2199 1002 bythionteos

771 1050 804 1110 ot
827 1041 887 1113 hcc
911 1037 1057 1110 chartula
1081 1037 1259 1110 offertionis
1282 1039 1421 1135 qualiter
1445 1039 1589 1110 continet
1604 1038 1696 1108 firma
1725 1046 1910 1130 permaneat
1939 1036 2196 1132 imperpetuum:

769 1171 885 1270 scripto
909 1192 967 1262 per
999 1189 1114 1239 munus
1137 1167 1221 1261 petri
1255 1167 1419 1261 scriptoris
1453 1167 1523 1238 filio
1545 1165 1669 1238 domiui
1694 1163 1826 1234 iohanni
1850 1161 1988 1234 Coriolis
2012 1187 2073 1257 per
2106 1166 2197 1238 indi-

769 1300 875 1368 ctione
899 1307 1076 1370 mcmorutu
1100 1295 1212 1390 quinis
1236 1295 1267 1388 †
1501 1271 1504 1278 Δ
2075 1307 2077 1315 ”

865 1427 937 1496 Ηοο
960 1425 1089 1518 siguum
1113 1420 1145 1513 †
1168 1442 1282 1492 munus
1308 1420 1478 1492 memorati
1502 1420 1661 1492 benedicti
1678 1420 1829 1490 monachi
1844 1421 1950 1515 quiin
1967 1421 2118 1496 bicatum
2133 1425 2196 1494 bo·

771 1550 842 1620 nito
865 1547 1011 1639 appelsm
1034 1543 1123 1640 quod
1147 1566 1209 1636 ego
1233 1541 1292 1637 qui
1316 1553 1511 1616 memoratos
1538 1542 1579 1613 ob
1595 1565 1635 1614 co
1652 1544 1777 1636 rogitus
1795 1565 1855 1636 pro
1870 1567 1947 1616 eum
1972 1546 2193 1642 subscripsi†

862 1669 894 1762 †-
917 1691 978 1762 ego
1002 1669 1173 1763 grogorius
1188 1669 1274 1742 iilius
1288 1670 1412 1743 domiui
1428 1669 1577 1744 iohannis
1598 1680 1764 1766 rogatuso
1788 1673 2004 1766 suprascripto
2023 1675 2195 1764 benedicto

769 1793 929 1870 monacho
952 1794 1024 1865 osu
1048 1793 1219 1900 subscripsi
1243 1793 1274 1887 †

860 1919 892 2014 †
914 1943 977 2014 ego
1001 1921 1163 2014 aligernus
1185 1921 1271 1993 filius
1305 1925 1428 1994 domiui
1461 1923 1547 1994 leoni
1575 1933 1707 2018 rogatus
1731 1949 1750 1994 a
1774 1928 1989 2020 suprascripto
2022 1929 2189 2002 benedicto

764 2048 925 2120 monacho
947 2047 1020 2117 tosti
1044 2047 1217 2142 subscripsi
1242 2047 1273 2142 †

859 2179 891 2268 †
914 2197 977 2268 ego
999 2174 1170 2270 gregorius
1193 2173 1280 2248 filius
1302 2178 1427 2252 domini
1459 2150 1608 2252 iohannis
1630 2189 1763 2275 rogatur
1791 2209 1811 2252 u
1833 2187 2051 2281 suprascripto
2079 2189 2185 2261 bene-

706 2388 709 2396 ,
767 2302 856 2374 dicto
879 2301 1041 2374 monacho
1063 2303 1136 2372 testi
1160 2299 1334 2398 subscripsi
1357 2300 1388 2397 †
1594 2287 1600 2298 ¹

857 2429 889 2520 †
912 2431 984 2522 ugo
1007 2429 1162 2502 iobuunes
1187 2429 1324 2504 Coriolis
1340 2432 1398 2526 qui
1416 2442 1611 2504 memoratos
1632 2443 1705 2528 post
1719 2435 1987 2531 subscriptionem
2002 2441 2133 2512 testium
2150 2452 2183 2512 et

762 2554 933 2625 memorati
956 2555 1041 2647 pstri
1063 2555 1227 2651 scriptoris
1250 2554 1309 2627 filii
1333 2555 1399 2627 mei
1421 2554 1590 2650 Compiovi
1613 2565 1646 2628 et
1668 2556 1792 2630 absolvi
1815 2581 1873 2654 per
1904 2562 2082 2636 indictione
2105 2589 2182 2636 me-

763 2688 888 2755 morata
909 2681 1024 2777 quinto
1046 2681 1078 2774 †
1904 2663 1909 2672 ⁹
