4954 6532
1445 605 1573 698 (¹⁰)

1471 885 1545 960 Lv.

677 1189 731 1238 m,
800 1199 806 1206 .
894 1143 985 1241 †ln
1008 1141 1138 1215 nomine
1161 1138 1283 1214 demini
1305 1136 1519 1212 nonodecimo
1539 1161 1624 1210 nato
1653 1139 1849 1233 principatus
1872 1142 1995 1214 domiui
2025 1146 2128 1218 nurui
2158 1151 2216 1242 gi-

654 1301 741 1369 950·
799 1276 870 1352 solfi
896 1272 1028 1369 gloriosi
1043 1267 1181 1368 principi
1194 1288 1316 1340 meuse
1345 1265 1525 1361 september
1547 1289 1632 1338 uena
1660 1265 1847 1342 indictiones
1871 1271 2013 1368 Ideoque
2031 1277 2216 1350 uoetelanus

802 1405 885 1476 lilius
910 1401 1073 1497 quondam
1097 1397 1239 1470 leonide
1269 1395 1342 1468 loeo
1367 1417 1456 1466 sessu
1485 1395 1569 1466 bona
1594 1395 1713 1468 etenim
1736 1419 1809 1470 mea
1837 1397 2036 1474 boluntatem
2056 1425 2115 1497 per
2133 1402 2216 1476 hano

801 1525 955 1600 musar
971 1523 1123 1617 pbeitum
1135 1520 1218 1592 laoio
1230 1519 1290 1591 tibi
1304 1519 1390 1592 leoni
1404 1517 1571 1613 presbiteri
1586 1541 1741 1614 germ
1765 1521 1836 1594 viro
1856 1545 1932 1595 meo
1956 1533 1993 1596 ut
2015 1525 2096 1599 bene
2119 1527 2217 1600 levo-

800 1678 873 1726 rare
888 1663 921 1726 et
935 1652 1056 1724 edere
1071 1649 1140 1746 ipsa
1156 1647 1286 1720 arbusta
1301 1657 1335 1718 et
1348 1647 1465 1718 olibeta
1480 1657 1536 1720 tna
1557 1655 1591 1720 et
1610 1647 1715 1720 salvos
1729 1650 1823 1722 nobis
1838 1652 1991 1726 iaciamus
2013 1665 2047 1725 et
2061 1677 2137 1726 eum
2153 1679 2216 1726 vo-

649 1777 651 1782 ’
800 1782 856 1852 bes
872 1789 905 1852 et
928 1779 969 1850 ed
985 1799 1084 1848 manu
1098 1775 1217 1846 ‘uvore
1240 1773 1409 1866 diligenter
1421 1782 1459 1845 ut
1481 1773 1522 1846 ab
1545 1773 1678 1846 odierna
1701 1772 1755 1849 die
1778 1797 1835 1849 eos
1857 1776 2040 1852 laboremus
2055 1791 2088 1852 et
2102 1782 2216 1858 culte-r

800 1928 873 1976 mus
897 1926 972 1974 nem
995 1902 1057 1972 alia
1081 1913 1165 1973 terra
1188 1921 1290 1970 vaona
1316 1905 1455 1998 qualiter
1479 1951 1631 1972 .......
1663 1901 1798 1994 eondgit
1821 1905 1929 1976 omnia
1953 1915 1985 1975 et
2008 1908 2043 1975 in
2066 1908 2216 1980 omnibus

801 2003 866 2108 tam
889 2029 924 2098 in
947 2017 1056 2098 mo'ute
1079 2051 1179 2120 quam
1201 2037 1235 2099 et
1257 2029 1292 2098 in
1314 2029 1411 2122 plano
1433 2029 1475 2100 sit
1497 2051 1570 2099 mea
1585 2083 1587 2088 ,
1603 2035 1758 2120 potestate
1780 2027 1946 2100 laborandi
1974 2041 2007 2102 et
2028 2031 2215 2108 dominandi

800 2163 834 2226 et
855 2152 977 2227 nullam
1000 2159 1085 2222 terra
1107 2148 1202 2222 setivi
1224 2148 1318 2220 robis
1341 2150 1437 2222 dandi
1460 2159 1567 2244 preter
1597 2149 1689 2222 omui
1712 2159 1865 2246 ,tempore
1888 2175 2019 2226 cessum
2051 2159 2109 2254 qui
2141 2159 2216 2232 inde

800 2275 916 2349 exierit
938 2283 1043 2348 tetum
1065 2283 1098 2346 et
1120 2273 1283 2367 integrum
1306 2275 1489 2348 assuimus
1512 2297 1570 2348 seu
1588 2286 1626 2348 et
1647 2297 1738 2348 meos
1766 2277 1900 2352 amma
1927 2279 2055 2353 salvere
2088 2283 2215 2356 debea-

799 2423 872 2472 mus
896 2399 1015 2493 ebsque
1038 2397 1127 2466 omni
1141 2405 1206 2482 ¹tua
1228 2397 1454 2468 amaricatione
1476 2420 1535 2470 seu
1558 2399 1656 2470 etde
1682 2401 1746 2472 tuis
1768 2401 1941 2476 heredibus
1977 2417 2010 2478 et
2036 2405 2105 2500 ipsa
2136 2408 2216 2480 vin-

801 2527 907 2600 demia
929 2535 964 2598 et
986 2523 1104 2598 olibeta
1126 2547 1185 2617 per
1199 2521 1356 2618 equaliter
1368 2523 1593 2618 reeolligemus
1608 2535 1640 2596 et
1661 2549 1719 2619 per
1734 2527 1893 2623 equaliter
1913 2530 2022 2603 divide
2044 2533 2130 2604 inter
2155 2557 2216 2604 nos

802 2651 922 2745 absque
945 2653 1014 2746 ipsa
1036 2672 1108 2722 essa
1124 2658 1158 2722 et
1183 2655 1256 2720 orta
1277 2670 1343 2742 que
1365 2655 1440 2718 sunt
1461 2671 1538 2742 erge
1561 2649 1630 2743 ipre
1653 2673 1723 2722 oasa
1747 2673 1850 2727 uuum
1872 2675 1970 2748 super
1992 2654 2062 2748 ipsa
2085 2679 2158 2726 oasa
2182 2665 2216 2726 et

801 2777 901 2846 elium
923 2783 999 2847 ortu
1020 2776 1079 2870 qui
1110 2782 1159 2846 mt
1180 2773 1217 2844 in
1247 2774 1348 2868 longu
1371 2773 1439 2866 ipse
1465 2797 1536 2846 oasa
1564 2799 1629 2871 que
1652 2779 1758 2871 pergit
1781 2788 1814 2850 at
1835 2780 1934 2852 linem
1956 2781 1997 2851 de
2029 2779 2216 2870 hominibus

802 2905 841 2976 de
865 2903 1001 2976 fundora
1030 2903 1070 2975 de
1099 2902 1278 2995 sepunianu
1299 2910 1333 2976 et
1356 2901 1443 2976 huna
1466 2903 1590 2998 peciola
1614 2905 1809 2978 arbustatata
1831 2908 1927 2979 subto
1948 2907 2057 3000 ipsum
2078 2910 2211 3002 pratale.

801 3039 833 3098 et
877 3029 937 3100 alia
967 3027 1058 3122 peeia
1090 3025 1252 3098 arbustatr
1281 3049 1379 3124 super
1411 3029 1519 3124 ipsum
1549 3031 1693 3105 causella
1727 3040 1760 3106 et
1790 3031 1960 3125 proprium
1991 3033 2141 3103 nominat
2171 3035 2213 3104 ad

801 3153 900 3224 aurbu
932 3151 991 3224 iste
1025 3161 1110 3224 terre
1144 3173 1208 3246 que
1244 3150 1303 3222 tibi
1339 3151 1511 3224 reserbasti
1542 3161 1732 3246 potestatem
1754 3175 1812 3225 seu
1835 3164 1869 3227 et
1892 3153 1932 3225 ad
1955 3155 2019 3225 tuis
2042 3153 2214 3228 heredibus
2280 3201 2286 3212 ·

800 3282 918 3352 iterum
942 3291 1048 3354 tamen
1073 3291 1110 3354 ut
1133 3281 1161 3350 si
1184 3278 1301 3376 quobis
1324 3289 1470 3374 tempore
1501 3279 1608 3352 redire
1640 3281 1808 3353 volueritis
1833 3283 1867 3352 in
1892 3283 2006 3354 eodem
2029 3284 2102 3352 leco
2125 3303 2237 3352 sessu*

800 3407 841 3478 ad
863 3407 1048 3482 abitendum
1072 3417 1138 3478 tem
1161 3415 1197 3480 tu
1220 3407 1279 3502 qni
1302 3429 1399 3499 supra
1421 3407 1474 3478 leo
1497 3407 1657 3500 presbiter
1679 3431 1778 3502 quam
1811 3419 1844 3480 et
1868 3411 1931 3478 tuis
1953 3407 2126 3510 heredibus
2156 3431 2213 3479 seu

800 3541 833 3602 et
856 3531 914 3622 qui
937 3531 977 3602 de
1000 3533 1064 3602 tuis
1088 3529 1261 3620 heredibus
1294 3538 1465 3603 narentur
1486 3538 1592 3601 tutum
1615 3542 1648 3604 et
1670 3531 1834 3624 integrum
1863 3531 1972 3602 redeat
1993 3530 2029 3600 in
2056 3539 2215 3624 potestate

800 3667 904 3731 vestra
927 3668 960 3728 et
983 3659 1023 3730 de
1046 3657 1161 3730 vestris
1183 3659 1355 3732 heredibus
1377 3667 1450 3752 post
1473 3661 1615 3730 lruetum
1639 3657 1839 3730 recollictum
1863 3659 1982 3753 absque
2014 3660 2104 3736 omni
2128 3683 2214 3730 con·-

800 3786 963 3857 trarletate'
985 3807 1056 3856 mea
1079 3786 1132 3856 vel
1157 3787 1198 3856 de
1220 3783 1301 3860 meis
1325 3783 1499 3859 heredibus
1521 3793 1631 3874 tamen
1655 3787 1733 3859 dum
1756 3785 1877 3857 ibidem
1901 3807 1960 3856 vos
1983 3809 2048 3856 non
2064 3785 2213 3858 miune-

798 3911 871 3979 ritis
904 3934 970 3982 non
1004 3910 1124 3980 abeatis
1157 3909 1239 3980 mihi
1269 3910 1432 3983 libentium
1465 3911 1577 3983 tollere
1611 3911 1664 3982 vel
1697 3921 1730 3978 at
1753 3909 1833 3981 meis
1866 3909 2039 3981 heredibus
2062 3921 2094 3980 et
2117 3910 2213 3980 alirui

801 4039 879 4108 dare
913 4061 972 4130 per
1006 4035 1131 4106 nullum
1165 4038 1299 4110 modum
1335 4037 1393 4111 ubi
1425 4035 1507 4108 bene
1541 4035 1662 4106 fuerint
1685 4034 1754 4125 ipse
1779 4032 1907 4103 arbusta
1929 4044 1962 4104 et
1985 4033 2103 4105 olibeta
2135 4034 2216 4104 bene

805 4161 948 4230 levorata
971 4167 1003 4232 et
1025 4159 1142 4230 cultata
1164 4162 1330 4256 quomodo
1361 4183 1458 4256 supre
1483 4159 1605 4230 dictum
1629 4167 1678 4228 est
1701 4165 1734 4226 et
1757 4157 1785 4228 si
1808 4155 1844 4227 in
1866 4158 1935 4251 ipsa
1967 4159 2095 4230 arbusta
2118 4158 2214 4228 luerit

799 4305 926 4357 neeesse
958 4295 996 4356 ut
1027 4285 1147 4358 ibidem
1181 4285 1305 4380 aliquid
1336 4294 1504 4379 pertenere
1529 4281 1574 4352 ita
1598 4303 1653 4352 eos
1678 4303 1737 4352 nos
1760 4279 1913 4352 laniamus
1948 4284 1990 4352 Et
2018 4281 2127 4376 obligo
2158 4303 2213 4350 nae

798 4431 860 4504 ego
890 4411 1196 4503 supernominatus
1226 4412 1367 4480 stelenus
1395 4427 1496 4502 quam
1528 4415 1560 4478 et
1588 4429 1680 4478 meos
1709 4405 1844 4480 heredes
1870 4406 1928 4477 tibi
1961 4406 2213 4500 supranominati

796 4533 882 4604 leoni
905 4533 1073 4627 presbiteri
1097 4534 1211 4606 etiam.
1225 4579 1235 4600 .
1251 4579 1282 4599 ..
1314 4539 1346 4600 et
1370 4541 1403 4599 at
1426 4529 1490 4602 tuis
1513 4529 1687 4602 heredibus
1709 4554 1766 4605 seu
1790 4542 1823 4604 et
1845 4531 1966 4626 quide
1991 4531 2055 4602 tuis
2078 4531 2213 4602 heredi-

795 4657 859 4728 bus
889 4671 1146 4730 nascentum...
1169 4669 1201 4729 et
1232 4655 1311 4726 hubi
1335 4679 1393 4726 ros
1416 4656 1451 4726 in
1474 4657 1589 4729 eodem
1612 4657 1685 4727 loeo
1708 4659 1748 4728 ad
1772 4657 1957 4728 avitandum
1980 4657 2138 4729 redieritis
2180 4669 2213 4726 et

796 4807 856 4854 nos
887 4786 980 4856 uobis
1015 4795 1087 4877 post
1127 4785 1268 4853 lruetnm
1303 4781 1504 4874 recollietum
1543 4795 1690 4856 contrare
1720 4793 1776 4854 ant
1810 4794 1975 4854 retoruere
1998 4806 2056 4876 per
2091 4783 2211 4876 quale-

800 4931 941 5004 cumque
967 4910 1103 4982 modum
1128 4919 1159 4978 et
1184 4909 1251 5002 ipsa
1274 4931 1325 4984 res
1351 4920 1416 4996 tote
1439 4921 1472 4982 et
1495 4910 1619 5006 integra
1639 4924 1716 5004 aput
1732 4919 1763 4982 te
1779 4933 1845 4982 nou
1860 4910 2076 4984 remiserimus
2101 4929 2213 5004 quan*
