4954 6532
944 1557 998 1629 Li

363 1835 621 1997 †Isnomine
643 1904 766 1978 domini
788 1903 840 1976 dei
863 1903 1029 1975 silvatoris
1050 1902 1151 1974 nostri
1174 1902 1266 1974 ihesu
1281 1901 1393 1972 christi
1415 1901 1592 1994 imperante
1615 1900 1680 1971 do-
1754 1931 1805 1980 an,

264 2033 358 2104 mino
369 2043 479 2103 nostro
501 2032 709 2104 Comtnntino
730 2053 848 2125 magno
870 2032 1062 2124 imperatore
1084 2053 1168 2100 enno
1191 2030 1459 2123 quadragesimo:
1480 2027 1535 2096 sed
1565 2031 1599 2096 et
1620 2048 1682 2096 ro·
1704 2011 1705 2014 ¹
1730 2042 1817 2107 943,

266 2147 365 2228 meno
398 2179 516 2248 magno
552 2159 745 2249 imperatore
762 2157 832 2230 eius
855 2157 922 2228 tilio
954 2179 1038 2228 enno
1070 2155 1167 2228 tertio
1199 2156 1252 2225 die
1274 2154 1426 2225 vieeeimr
1448 2155 1541 2224 tertie
1565 2156 1683 2244 mensis

265 2281 402 2354 ianuarii
424 2281 599 2353 indictione
629 2291 720 2354 sexte
752 2283 908 2376 neapoli:
934 2283 1065 2354 &mum
1089 2291 1137 2352 est
1168 2305 1221 2350 me
1252 2279 1391 2348 iohanne
1414 2278 1517 2372 tilium
1552 2282 1682 2376 quidem

267 2406 388 2478 domini
412 2407 546 2476 cesarii:
565 2408 597 2478 Α
619 2408 759 2499 presenti
783 2407 834 2475 die
856 2404 1094 2497 promptissime
1118 2403 1284 2474 voluntate
1306 2406 1490 2474 venundedi
1513 2415 1546 2476 et
1567 2407 1684 2478 madidi

265 2532 356 2604 robis
370 2533 503 2604 domino
524 2539 617 2626 petro
640 2529 839 2602 venerabilis·
852 2527 934 2602 ebbe
957 2527 1113 2622 presbiter
1135 2528 1320 2600 monasterii
1343 2535 1531 2600 serstorum
1544 2529 1683 2606 mborini

264 2665 297 2730 et
334 2657 413 2728 sossi
444 2657 501 2727 nbi
538 2677 655 2730 eornm
688 2653 883 2727 veneravilis
917 2655 1087 2750 qmesennt
1122 2675 1279 2748 corporee
1317 2653 1402 2724 ldest
1435 2655 1560 2748 integre
1594 2657 1681 2748 petie

263 2800 338 2852 mee
374 2779 573 2850 dedendum
608 2777 749 2872 positum
780 2778 815 2846 in
837 2777 910 2847 loeo
944 2777 1003 2872 qni
1033 2785 1168 2848 vocetur
1202 2777 1405 2872 easepeseeti.
1442 2777 1579 2848 habente
1609 2781 1682 2850 finis
1749 2773 1754 2780 ’

265 2903 309 2972 ele
332 2924 400 2973 nno
421 2902 520 2972 intere
543 2901 677 2974 fundum
699 2901 801 2994 ipsius
824 2900 924 2972 sensti
948 2901 1046 2972 vesei
1069 2901 1278 2972 monasterii:
1305 2909 1338 2972 et
1361 2903 1401 2972 de
1425 2899 1488 2970 elio
1510 2900 1610 2972 ietere
1633 2907 1682 2972 est

263 3027 401 3098 medum
425 3026 581 3098 heredum
617 3027 749 3122 quidem
781 3025 1001 3120 ubendelperti
1032 3026 1257 3100 vicedomini:
1283 3035 1316 3098 ot
1339 3030 1378 3100 de
1394 3049 1467 3104 ¹mro
1497 3027 1601 3120 capite
1631 3035 1681 3098 est

266 3149 400 3222 medem
424 3151 560 3225 Corbnli
583 3153 625 3224 de
647 3154 718 3245 ipso
740 3153 815 3222 loeo
846 3151 1065 3245 weesepesootir
1091 3177 1111 3222 n
1133 3173 1213 3222 vero
1238 3151 1302 3222 elio
1333 3151 1435 3246 eapite
1459 3159 1507 3224 est
1528 3154 1582 3224 vie
1610 3173 1678 3246 pu-

269 3275 376 3346 blice:
414 3278 536 3347 lterum
570 3275 752 3348 venundedi
783 3273 875 3344 vobis
898 3300 917 3346 e
939 3273 993 3346 die
1015 3276 1179 3369 presentis.
1203 3285 1237 3346 ot
1258 3275 1383 3368 integre
1420 3299 1486 3348 um
1518 3277 1603 3372 petie
1638 3278 1680 3348 de

267 3413 350 3473 terre
372 3423 444 3473 mee
467 3425 531 3496 qne
564 3397 706 3473 voertur'
732 3409 903 3496 pstemnm
940 3399 1044 3496 posite
1067 3402 1101 3472 in
1126 3392 1295 3472 nominato
1310 3402 1409 3492 doro.
1442 3404 1533 3496 qnod
1555 3411 1604 3474 est
1636 3403 1679 3474 ed

268 3549 418 3599 mensuro
439 3550 498 3621 per
520 3547 629 3621 passos
663 3527 789 3600 modios
825 3527 983 3622 quinque.
1009 3529 1203 3622 adpossem
1239 3531 1382 3600 terreum
1410 3536 1517 3596 emere
1551 3547 1679 3620 nerpo-

264 3650 361 3722 iitene
383 3651 518 3724 ecclesio
538 3661 777 3724 mensuratum:
798 3649 970 3722 coherente
993 3649 1056 3720 siri
1078 3650 1119 3718 eb
1141 3673 1208 3720 nno
1231 3651 1330 3719 latere
1353 3658 1438 3714 terre
1459 3646 1519 3740 qni
1534 3649 1596 3720 iuit
1617 3671 1679 3718 or-

264 3775 356 3846 eon
380 3776 537 3845 ransom:
563 3787 596 3847 ee
619 3780 660 3848 re
683 3777 747 3848 nio
770 3751 869 3844 laod
891 3783 939 3842 ee
961 3774 1043 3844 vo:
1070 3785 1102 3842 et
1124 3775 1166 3842 o
1188 3793 1256 3840 uno
1278 3770 1383 3862 capte
1404 3780 1455 3844 et
1476 3781 1561 3844 erra
1598 3797 1679 3868 gre-

265 3901 347 3992 gorii
371 3897 556 3970 metannli:
582 3909 615 3970 et
638 3901 679 3970 de
702 3899 765 3968 elio
788 3898 891 3990 eapite
914 3905 961 3966 est
983 3917 1132 3988 eompum
1157 3899 1198 3968 de
1223 3897 1420 3968 eorbntom:
1446 3897 1578 3970 insimul
1602 3905 1677 3970 erun

265 4026 408 4098 introitus
431 4045 542 4095 eornm
566 3999 600 4090 et
622 4019 773 4090 omnihus
794 4021 841 4091 eis
863 4007 1121 4112 pertinentibus:
1147 4023 1233 4092 unde
1256 4021 1337 4092 nihii
1360 4023 1441 4092 mihi
1478 4023 1594 4096 exinde
1616 4047 1676 4098 re·

265 4150 380 4222 mansit
411 4155 468 4218 eut
489 4144 681 4218 reservavi:
708 4146 765 4240 qui
788 4166 867 4214 vero
890 4143 971 4236 ipea¹
991 4152 1077 4218 terra
1108 4144 1190 4216 mihi
1220 4145 1352 4217 obvenit
1374 4171 1393 4214 e
1416 4149 1606 4241 stephanum
1629 4153 1677 4225 fi-

265 4275 345 4346 lium
368 4255 491 4346 domini
513 4272 645 4343 iohanni
668 4271 794 4344 comitis
814 4272 975 4368 obsequii.
1010 4283 1042 4343 et
1060 4273 1206 4365 sergium
1230 4295 1286 4366 sen
1304 4274 1693 4372 stephanum-quemque

266 4401 402 4474 iohanne
426 4402 478 4472 cui
503 4419 739 4494 supernomen
762 4397 853 4468 corbi
884 4397 1043 4492 germanis
1066 4396 1139 4468 tiliis
1170 4399 1300 4490 quidem
1324 4399 1448 4470 domini
1473 4401 1615 4474 iohanni.
1640 4412 1676 4476 et

266 4535 393 4618 petrum
428 4513 499 4597 sen'
520 4525 692 4596 iohannem
723 4521 883 4616 germanis
917 4521 991 4592 tiliis
1014 4521 1157 4615 ¹quidem
1188 4522 1312 4592 domini
1348 4526 1504 4598 misterii
1534 4537 1567 4599 et
1600 4537 1672 4602 ste-

265 4653 409 4746 phanum
431 4653 534 4724 filium
557 4651 679 4724 domini
702 4641 824 4724 ossarii'.
847 4647 911 4718 hoo
933 4655 990 4717 est*
1003 4647 1107 4717 thium
1127 4657 1163 4719 et
1185 4649 1328 4742 nepotes.
1345 4673 1402 4734 sep
1418 4654 1672 4746 enodetis-ger-

265 4780 368 4850 minis
391 4801 450 4872 per
474 4768 634 4852 ehermles
656 4771 877 4848 convenientis
901 4771 1079 4841 nements
1107 4771 1210 4866 quam·
1233 4772 1325 4844 vobis
1348 4773 1382 4842 in
1397 4777 1543 4868 ,presens
1566 4779 1668 4858 dedi:

267 4903 312 4972 lte
338 4913 374 4972 ut
396 4928 415 4972 e
438 4903 577 4996 presenti
599 4901 651 4974 die
675 4907 715 4974 et'
730 4897 877 4993 deinceps
899 4895 965 4968 iem
987 4893 1150 4966 nominoio
1172 4895 1295 4990 integm
1324 4898 1410 4991 petir
1430 4910 1505 4972 mse
1528 4902 1568 4974 te
1590 4902 1676 4972 fene

366 5026 431 5097 Vol.
460 5028 504 5097 ΙΙ.
1309 5031 1326 5088 1
