4876 6532
1387 680 1532 778 (122)

1400 970 1497 1042 cvtl.

630 1253 684 1301 an.
844 1227 875 1322 †
904 1229 940 1298 ln
964 1225 1097 1298 nomine
1121 1224 1246 1298 domini
1270 1225 1323 1298 dei
1346 1217 1513 1296 salvatoris
1536 1222 1638 1293 nostri
1661 1222 1756 1294 ihesu
1780 1220 1900 1294 Christi
1916 1223 2094 1320 imperante
2109 1229 2173 1303 do-

608 1365 695 1430 964.
754 1357 846 1430 minu
862 1367 974 1430 nostro
992 1353 1163 1448 nieipboro
1179 1371 1299 1445 magno
1313 1351 1512 1443 Imperatore
1529 1371 1614 1420 muo
1628 1352 1782 1423 seeundo.
1800 1351 1862 1423 lue
1883 1352 2042 1426 tricesima
2057 1357 2173 1429 mensis

753 1485 938 1560 nobembris
973 1482 1146 1552 indictione
1168 1479 1277 1550 octcbc
1299 1479 1434 1570 creperi.
1468 1478 1600 1551 Certum
1621 1489 1680 1586 'est
1707 1503 1767 1586 *me
1795 1479 1985 1574 stephanum
2017 1483 2173 1558 humilem

752 1613 966 1708 presbiterum
989 1607 1092 1677 tilium
1122 1605 1254 1700 quidem
1277 1606 1365 1678 leoni
1389 1616 1422 1678 et
1453 1604 1587 1703 quidam
1610 1581 1720 1679 'mario
1745 1607 1903 1702 iugalium
1931 1633 2168 1704 personarum:

751 1748 779 1815 A
803 1735 938 1838 pruenti
962 1731 1014 1806 dic
1031 1733 1246 1826 prosumo
1276 1735 1440 1808 voluntate
1471 1735 1628 1830 promitto
1659 1735 1751 1806 vobis
1775 1736 1906 1808 domino
1929 1740 2034 1832 sergio
2064 1758 2169 1811 vene-

754 1866 846 1938 rabili
869 1884 1033 1959 ygumcno
1055 1861 1242 1933 monasterii
1266 1871 1450 1934 sanctorum
1475 1865 1571 1957 sergii
1594 1874 1626 1936 et
1643 1863 1751 1934 besebi
1769 1865 1828 1964 qui
1849 1887 1935 1936 nunc
1958 1875 2170 1958 congregatus

751 2014 785 2066 cs
808 1992 843 2062 in
866 1987 1059 2059 monasterio
1082 1995 1267 2058 sanctorum
1292 1989 1440 2062 theodori
1471 2001 1505 2062 et
1527 1991 1696 2062 sebastiani
1727 1991 1785 2086 qni
1812 1992 1989 2086 appellatur
2016 1993 2170 2085 casapieta

750 2119 847 2192 situm
870 2117 905 2188 in
928 2114 1093 2190 viridario.
1124 2126 1255 2212 propter
1287 2118 1413 2211 integra
1441 2117 1573 2191 ecelesia
1603 2131 1708 2190 vestra
1741 2119 1900 2189 vocabulo
1932 2121 2033 2189 saneti
2069 2103 2169 2191 seheri

750 2247 814 2319 cite
836 2247 917 2317 bero
940 2266 1031 2318 secus
1052 2243 1156 2338 platea
1180 2237 1252 2339 que'
1277 2255 1413 2316 vocatur
1435 2245 1525 2318 radia
1543 2227 1624 2317 ¹solis
1652 2245 1711 2341 qui
1735 2255 1768 2318 et
1796 2247 1923 2340 gurgite
1951 2247 2069 2322 dieitur
2091 2247 2171 2317 iuris
2215 2289 2221 2310 .

752 2372 921 2446 memorati
956 2354 1058 2443 sancti
1087 2377 1120 2442 et
1150 2369 1342 2442 'venerabilis
1377 2371 1477 2443 vestri
1515 2371 1701 2442 monasterii
1734 2393 1798 2442 una
1835 2393 1911 2442 cum
1943 2371 2171 2444 avitationibus

751 2509 785 2572 ct
808 2499 895 2570 celiis
919 2506 951 2570 ct
972 2495 1124 2568 omnibus
1146 2495 1243 2568 rebus
1266 2497 1448 2568 substantiis
1479 2497 1580 2593 ipsius
1602 2498 1686 2570 dicte
1708 2497 1840 2572 ecclesie
1863 2507 1968 2570 rostro
2003 2497 2171 2591 pertinen·

750 2635 798 2696 tes
821 2623 1042 2719 omuibmque.
1067 2623 1114 2696 eis
1130 2624 1383 2718 pertinentibus.
1418 2624 1476 2694 ubi
1509 2625 1641 2696 domino
1676 2625 1847 2696 sdiubante
1878 2645 1931 2696 me
1954 2623 2075 2695 ibidem
2108 2643 2173 2693 cn-

751 2755 876 2826 stodem
908 2752 1057 2847 posuistis
1079 2752 1123 2824 ba
1144 2775 1232 2825 nunc
1254 2759 1288 2824 et
1311 2751 1460 2822 omnibus
1496 2750 1609 2822 diebus
1643 2751 1710 2822 vite
1734 2773 1829 2822 mee:
1861 2751 1899 2820 lu
1932 2773 1972 2821 eo
1996 2751 2084 2820 enim
2120 2759 2170 2820 to·

753 2901 833 2952 nore
863 2887 901 2950 ut
935 2878 1158 2974 prenominata
1187 2875 1319 2950 ecelesia
1349 2885 1454 2947 vestra
1486 2875 1644 2948 vocabulo
1674 2874 1773 2945 sancti
1796 2873 1900 2945 suberi
1923 2897 1997 2947 cum
2021 2874 2171 2945 omnibus

752 3007 938 3081 memoratis
961 3029 1004 3077 ox
1028 3029 1065 3075 ea
1089 3004 1284 3098 pertinentes
1307 3001 1535 3098 omnibusque.
1572 3003 1618 3076 eis
1652 2999 1882 3095 pertinentibus
1907 3009 2037 3070 etcum
2061 2999 2170 3070 omnia

753 3158 819 3230 que
842 3157 900 3228 per
922 3133 1149 3203 inbentaneum
1172 3127 1253 3200 mibi
1276 3127 1518 3223 adsignaveritis
1549 3135 1582 3199 ct
1612 3149 1688 3198 eum
1721 3125 1830 3198 omnia
1859 3149 1924 3219 que
1948 3151 1967 3196 a
1991 3125 2114 3198 viribus
2137 3133 2170 3197 et

750 3259 939 3334 mulieribus
959 3259 1005 3330 ibi
1023 3259 1173 3328 offertum
1189 3255 1240 3328 vel
1263 3255 1408 3326 oblatum
1431 3255 1529 3327 fuerit
1550 3255 1700 3324 omnibus
1716 3253 1830 3326 diebus
1853 3253 1919 3326 vite
1942 3275 2033 3326 meae
2049 3253 2169 3324 iumen

751 3388 793 3460 sit
815 3393 1002 3480 potestatem
1025 3382 1154 3456 tenendi
1178 3392 1211 3456 et
1236 3381 1423 3453 dominandi
1447 3403 1505 3452 scu
1528 3381 1689 3473 [rugiandi
1717 3390 1750 3453 et
1779 3379 1820 3452 de
1851 3379 1919 3474 ipsa
1957 3379 2078 3473 nugtse
2114 3379 2169 3450 fa·

750 3514 854 3586 ciendi
878 3537 942 3610 que
966 3513 1110 3585 voluero.
1144 3513 1192 3580 lte
1226 3519 1259 3580 et
1290 3532 1352 3603 ego
1383 3509 1419 3578 in
1450 3509 1564 3579 eedem
1596 3509 1729 3582 eeclesia
1758 3519 1864 3582 vestra
1893 3510 2108 3604 superavitarc
2132 3521 2166 3582 et

750 3637 889 3710 residere
911 3658 973 3730 pro
995 3635 1037 3706 ba
1061 3657 1148 3706 nunc
1171 3643 1204 3706 et
1227 3632 1378 3703 omnibus
1402 3631 1514 3704 diebus
1537 3632 1603 3704 tite
1627 3655 1718 3704 meae
1742 3642 1775 3705 et
1790 3656 1919 3706 omnem
1944 3635 2085 3706 officium
2111 3659 2171 3705 sa·
2204 3673 2205 3676 π

751 3763 943 3836 cerdotalcm
967 3761 1087 3832 ibidem
1110 3763 1230 3833 kanere
1254 3759 1408 3852 promitto
1431 3758 1495 3828 hoc
1518 3767 1566 3830 est
1588 3781 1739 3853 vesperus
1763 3769 1795 3831 et
1818 3760 1991 3833 matutinos
2006 3783 2064 3833 seu
2084 3761 2169 3833 mis-

750 3909 859 3957 sarum
883 3885 1037 3956 solemnia
1061 3893 1094 3955 ct
1117 3883 1207 3953 horis
1230 3882 1379 3952 laudibus
1403 3890 1435 3952 et
1457 3880 1707 3952 luminariorum
1730 3883 2007 3955 concinnationem
2030 3883 2076 3954 ibi
2101 3909 2167 3958 ex-

749 4005 861 4076 hibere
885 4003 1039 4096 promitto
1062 4011 1101 4072 ut
1124 4003 1210 4094 apud
1226 4002 1323 4070 deum
1347 3999 1599 4093 omnipotentem
1617 4000 1698 4070 mibi
1722 4001 1837 4072 mercis
1857 4005 2019 4074 adcrescat
2034 4013 2066 4074 ct
2083 4005 2170 4099 apud

749 4131 936 4204 bominibus
959 4129 1039 4200 laus.
1072 4127 1169 4201 etiam
1193 4129 1422 4224 quodcumque
1455 4129 1524 4224 ipsa
1557 4129 1688 4199 ecclesia
1716 4139 1822 4200 vestra
1853 4131 1905 4202 vel
1928 4129 2005 4226 ipsis
2034 4129 2168 4203 havita-

751 4255 893 4327 tionibus
917 4254 958 4325 ad
980 4253 1194 4325 conciandum
1217 4253 1369 4326 habueris
1393 4276 1455 4348 ego
1478 4253 1559 4324 illud
1582 4251 1728 4323 conciare
1751 4253 1905 4346 pmmitto
1924 4255 2069 4327 edomui
2094 4277 2167 4328 meo

751 4379 921 4474 expendio.
944 4377 1076 4472 insuper
1098 4377 1141 4449 ba
1164 4399 1249 4450 nunc
1273 4383 1306 4448 et
1327 4375 1477 4447 omnibus
1500 4373 1616 4446 diebus
1640 4373 1706 4446 vite
1729 4399 1820 4448 meae
1843 4377 1933 4450 omni
1952 4402 2059 4450 annuo
2076 4379 2169 4452 vobis

750 4507 974 4602 posterisque:
1001 4503 1115 4576 restris
1144 4513 1388 4596 memoratoque
1411 4510 1521 4608 sparto
1545 4513 1653 4575 vestro
1675 4505 1871 4577 monasterio
1894 4507 2009 4579 exinde
2034 4509 2112 4582 dara
2136 4517 2168 4582 et

752 4633 893 4729 dirigere
918 4635 1072 4728 promitto
1094 4657 1152 4728 per
1174 4605 1520 4702 nativietemtf‘riomini
1544 4629 1664 4701 oblatos
1688 4631 1778 4725 paria
1801 4641 1875 4704 tres.
1907 4645 1943 4707 et
1977 4658 2035 4736 per
2058 4659 2169 4709 mur.

750 4763 926 4835 rectionem
950 4761 1074 4833 domini
1090 4759 1235 4828 similitor
1258 4755 1378 4825 oblatas
1401 4753 1505 4850 parias
1529 4766 1603 4830 tres.
1626 4769 1659 4830 et
1675 4783 1734 4853 per
1759 4761 1966 4836 festivitatem
1990 4773 2167 4837 memorate

749 4885 880 4959 ecclesie
915 4883 1015 4954 sancti
1049 4881 1153 4952 seberi
1182 4879 1304 4950 oblatas
1333 4880 1460 4974 parium
1485 4905 1585 4953 unum
1609 4883 1729 4979 absque
1753 4885 1843 4957 omni
1871 4889 2167 4962 ammarieationem
2205 4893 2207 4898 '

748 5011 837 5084 nulla
858 5011 951 5083 vobis
973 5007 1184 5103 posterisque.
1210 5006 1324 5079 restris
1348 5007 1465 5080 exinde
1489 5008 1576 5080 omni
1602 5032 1709 5082 annuo
1739 5011 1899 5085 mittentes
1927 5015 2163 5090 occansionem.
