4954 6532
1485 577 1603 676 (⁴⁰)

832 757 905 840 mus
928 743 1143 810 memoratum
1166 738 1378 812 constitutum
1413 738 1507 810 nobis
1534 737 1641 832 ipsum
1674 735 1927 834 respousrtieum
1950 755 2017 808 nou
2050 735 2168 810 dedis:
2196 738 2258 808 sed

830 860 992 953 etsiguetis
1015 861 1108 933 nobis
1131 861 1240 955 ipsum
1260 861 1398 934 fundum
1420 860 1517 932 iuiste
1543 869 1709 954 tempore:
1743 871 1777 932 et
1797 867 1955 956 quantum
1984 859 2254 954 compleberimus

829 985 1001 1058 memorati
1036 986 1146 1058 decem
1181 985 1258 1056 runi
1291 983 1412 1080 expleti
1443 1008 1503 1058 vos
1535 995 1568 1061 et
1599 983 1772 1058 heredibus
1802 983 1917 1056 vestris
1949 983 2067 1056 exinde
2102 985 2257 1056 excolatis

829 1133 924 1183 ceusu
947 1121 1052 1184 vestra
1075 1123 1108 1184 et
1130 1113 1158 1184 si
1181 1137 1255 1186 casa
1277 1112 1325 1184 ibi
1348 1110 1516 1186 feceritis.-
1550 1119 1583 1182 et
1606 1118 1764 1208 quantum
1789 1110 2059 1203 compleverimus
2082 1113 2252 1182 memorati

829 1240 941 1310 decem
964 1238 1040 1308 ruui
1064 1239 1185 1333 expleti
1207 1239 1268 1310 istc
1291 1238 1435 1313 chartula
1459 1239 1520 1309 siat
1541 1237 1673 1310 breue:
1708 1234 1831 1328 etipse
1853 1235 1955 1306 tundo
1979 1244 2090 1306 nostro
2112 1235 2254 1307 rebertrs

827 1362 862 1431 iu
884 1385 956 1434 mea
979 1363 1176 1455 proprietate
1199 1372 1232 1434 et
1255 1364 1297 1436 de
1319 1362 1400 1434 meis
1423 1361 1596 1435 heredibus
1625 1358 1719 1432 cuius
1741 1358 1814 1431 iure
1838 1381 1906 1431 esse
1922 1359 2070 1455 videtur:
2095 1359 2251 1430 tendum·

829 1488 926 1557 modo
948 1487 976 1556 si
1000 1487 1186 1560 eoubeuerit
1207 1488 1301 1560 uobis
1325 1495 1359 1561 ct
1381 1487 1473 1561 vobis
1508 1489 1641 1562 teneatis
1663 1487 1735 1559 ibes
1757 1486 1793 1557 iu
1815 1493 1908 1556 auter
1932 1487 1967 1558 iu
1982 1537 2131 1556 .......
2133 1483 2252 1578 placito

828 1606 908 1677 mibi
931 1615 963 1677 et
986 1617 1020 1676 et
1040 1609 1123 1680 meis
1153 1609 1355 1685 heredibus:
1390 1621 1425 1685 et
1458 1613 1551 1687 vobis
1582 1662 1614 1687 .,
1630 1609 1755 1685 ..uerit
1778 1609 1862 1682 etsi
1885 1611 1977 1682 uobis
2005 1617 2071 1682 ubu
2095 1607 2254 1704 placuerit

828 1733 869 1801 dr
893 1731 956 1824 ipsi
978 1735 1088 1807 decem
1113 1736 1188 1806 anui
1220 1739 1255 1809 in
1277 1761 1375 1834 supra
1397 1742 1452 1814 cui
1474 1742 1582 1836 ipsum
1616 1742 1753 1812 fundum
1777 1739 1853 1810 dare
1885 1735 2064 1828 volueritis,
2089 1733 2251 1806 licentiam

826 1855 1004 1926 abeamus:
1036 1860 1112 1952 quia
1136 1861 1181 1934 ita
1205 1863 1299 1934 uobis
1321 1866 1409 1938 stetit
1431 1865 1460 1934 si
1484 1872 1593 1937 subm
1616 1863 1710 1935 aliter
1734 1865 1841 1933 fecere
1864 1862 1905 1931 de
1928 1861 1979 1931 bis
1999 1860 2152 1930 omuibus
2178 1881 2251 1928 me-

824 1977 958 2048 moretis
982 1985 1059 2050 tuuc
1082 2005 1244 2078 compono
1267 2009 1355 2080 ego,
1389 1997 1424 2059 et
1446 1985 1621 2060 heredibus
1643 1985 1725 2056 meis
1745 1984 1841 2053 robis
1868 1985 2048 2077 vestrisque
2074 1981 2248 2055 heredibus

826 2102 897 2171 ruri
921 2101 1040 2174 subdes
1064 2105 1175 2177 decem
1197 2107 1378 2201 bytisutees
1401 2118 1436 2179 et
1457 2108 1518 2180 bec
1537 2107 1687 2178 chartula
1715 2105 1758 2176 sit
1785 2106 1878 2176 firma
1904 2107 2021 2200 scripta
2047 2128 2105 2199 per
2126 2127 2247 2177 monus

826 2225 968 2320 gregorii
993 2229 1126 2301 curialis
1147 2241 1179 2300 et
1203 2231 1364 2303 scriniarii
1391 2255 1452 2326 pro
1477 2241 1656 2304 memorata
1683 2231 1904 2303 tertiadecima
1931 2231 2106 2302 indictione
2130 2228 2162 2322 †
2286 2311 2289 2314 ,

919 2350 984 2420 bec
1013 2363 1212 2424 memoratus
1239 2377 1313 2424 sum
1342 2363 1380 2423 ut
1401 2363 1537 2447 quantus
1562 2365 1665 2424 terras
1681 2377 1723 2426 ex
1738 2356 1810 2451 ipso
1832 2357 1938 2428 tundo
1964 2355 2102 2449 pertinet
2123 2354 2159 2426 iu
2172 2377 2245 2430 mer

824 2473 896 2544 ibas
917 2474 1081 2546 reserbavi
1110 2483 1265 2569 potestate
1287 2475 1319 2570 †

920 2599 984 2672 boe
1016 2602 1154 2696 Signum
1177 2603 1338 2697 †meuus
1369 2602 1527 2675 deminui
1555 2602 1692 2697 eligerui
1715 2625 1777 2697 ego
1807 2605 1866 2698 qui
1888 2605 2070 2678 nominatos
2100 2606 2142 2676 rb
2170 2629 2245 2678 eum

825 2727 951 2820 rogitus
981 2750 1043 2822 pro
1068 2752 1145 2801 eum
1163 2730 1338 2824 subscripsi
1362 2727 1393 2823 †

920 2852 1046 2948 †Ego
1072 2859 1243 2948 gregorius
1271 2857 1357 2928 tibus
1385 2855 1509 2928 domiui
1538 2855 1684 2950 stepbeui
1718 2853 1849 2927 curialis
1874 2863 2008 2950 rogetus
2033 2857 2241 2936 acuminato

825 2975 972 3068 aligerno
997 2979 1087 3049 testis
1114 2979 1333 3074 subscripsi†
1557 2957 1564 2970 ⁹

921 3101 1038 3198 †Ego
1069 3105 1215 3176 marinus
1244 3105 1329 3177 filius
1356 3105 1480 3176 domiui
1502 3107 1624 3179 ceserei
1652 3107 1959 3204 mensebirogatus
1989 3114 2240 3207 asuprcscripto

824 3229 969 3322 aligerno
987 3230 1077 3300 testis
1102 3229 1277 3320 subscripsi
1296 3227 1332 3319 «ᾧ

917 3348 1059 3439 †uro
1091 3359 1143 3422 us
1168 3359 1333 3424 rusum
1356 3333 1689 3431 &perurerer
1722 3369 1829 3434 cero
1863 3374 2081 3440 rurusuo
2115 3377 2238 3439 cucur

821 3449 988 3566 ῑόῐῑΐ

917 3596 949 3690 †
971 3599 1042 3690 Ego
1065 3603 1235 3694 gregorius
1262 3603 1413 3676 Cerialis:
1432 3616 1466 3678 et
1481 3607 1666 3682 scriniarius
1679 3608 1845 3706 complevi
1861 3633 1919 3706 per
1935 3613 2101 3688 nominata
2116 3618 2235 3688 tertia-

823 3723 948 3796 decima
979 3722 1154 3802 indictione
1172 3724 1204 3818 †
1305 3757 1308 3766 ·
1508 3733 1529 3778 ⁶
