4876 6532
1441 591 1453 684 (
1476 599 1518 662 ⁶2
1546 593 1562 684 )

785 711 874 858 parte
897 760 937 830 dc
961 760 1176 828 memoratum
1213 751 1322 822 bicum
1357 750 1523 845 publicum
1546 761 1579 821 et
1601 748 1724 821 faciatis
1759 747 1852 820 vobis
1876 771 1895 819 n
1919 757 2010 844 pnrte
2034 753 2073 826 de
2097 755 2203 848 ipsum

784 893 894 962 vicum
917 895 1025 980 portas
1048 884 1143 977 quale
1166 881 1258 953 vobis
1282 881 1474 975 placuerit-:4
1494 879 1572 973 quin
1595 878 1640 948 sic
1663 877 1756 948 nobis
1780 878 1890 948 stetit:
1918 879 1945 950 si
1970 890 2080 955 nutem
2113 884 2204 954 aliter

787 1015 956 1088 fecerimus
971 1012 1010 1082 de
1023 1009 1073 1078 bis
1096 1006 1245 1078 omnibus
1267 1004 1451 1077 memoratis
1476 1025 1534 1097 per
1550 1003 1666 1098 quovis
1689 1005 1822 1074 modum
1846 1015 1902 1074 out
1924 1008 2101 1078 summissis
2125 1033 2204 1102 per-

787 1143 873 1214 sonis
896 1149 972 1212 tnnc
994 1137 1218 1230 componimus
1240 1156 1299 1206 nos
1322 1143 1354 1206 ct
1376 1133 1510 1206 heredes
1532 1132 1613 1202 meis
1636 1130 1728 1201 vobis
1743 1130 1922 1226 vestrisque
1937 1132 2108 1207 heredibus
2132 1139 2203 1209 auri

788 1269 905 1342 solidos
929 1265 1098 1340 duodecim
1120 1263 1322 1358 bythinntecs
1354 1271 1388 1333 ct
1418 1261 1480 1330 bec
1513 1259 1657 1330 chartule
1685 1259 1878 1330 venditionis
1909 1270 1946 1329 nt
1968 1283 2065 1356 snper
2088 1262 2205 1356 legitur

789 1397 830 1465 sit
852 1397 944 1466 firmo
968 1394 1084 1486 scripta
1107 1413 1165 1485 per
1180 1411 1313 1466 manum
1327 1387 1459 1458 iobonni
1473 1386 1603 1457 curialis
1616 1407 1674 1480 psr
1696 1397 1873 1457 memoratu
1889 1387 2123 1483 quintodecimo
2147 1390 2204 1461 in-

793 1519 932 1590 dictione
955 1512 987 1607 †

887 1641 950 1710 boc
972 1640 1101 1731 signum
1124 1638 1155 1733 †
1178 1662 1292 1710 manus
1316 1639 1484 1712 memorati
1508 1639 1660 1734 gregorii.
1684 1639 1747 1710 boc
1770 1639 1897 1732 signnm
1912 1640 1942 1736 †
1956 1666 2069 1714 manns
2092 1645 2206 1713 nouri-

793 1777 865 1838 nate
890 1765 1001 1838 ornuie
1023 1764 1089 1834 hoc
1110 1771 1158 1836 cst
1180 1766 1302 1858 iugales
1326 1769 1414 1862 quod
1438 1789 1499 1860 ego
1522 1766 1581 1861 qui
1612 1739 1794 1843 nominatos
1821 1789 1881 1859 pro
1905 1768 1951 1839 cis
1974 1769 2149 1862 subscripsi
2173 1777 2205 1840 ct

793 1894 975 1965 nominatos
999 1891 1118 1964 solidos
1141 1893 1303 1964 confessus
1326 1895 1504 1987 percepisse
1527 1915 1559 1987 γ

889 2019 920 2114 †
944 2040 1006 2112 ego
1035 2021 1088 2090 leo
1110 2021 1195 2091 fitius
1218 2019 1341 2092 domini
1363 2019 1510 2089 iohannis
1532 2027 1664 2114 rogatus
1688 2047 1706 2091 n
1730 2023 1961 2116 suprascriptos
1992 2022 2112 2118 iugales
2137 2027 2207 2096 testi

797 2147 969 2239 subscripsi
994 2155 1025 2217 st
1051 2145 1282 2238 suprascriptos
1308 2143 1426 2215 solidos
1454 2147 1616 2218 confessus
1644 2148 1822 2240 percepisse
1845 2146 1875 2241 †

892 2275 923 2368 †
950 2296 1013 2366 ego
1039 2273 1091 2343 leo
1105 2271 1190 2342 tilius
1216 2273 1338 2344 domini
1365 2271 1511 2342 nnnstnsii
1540 2281 1671 2365 rogetus
1699 2274 1965 2368 asnprnscriptos
1989 2277 2110 2370 iugales
2138 2279 2208 2349 testi

798 2397 995 2490 subscripsi,
1023 2405 1055 2467 et
1082 2395 1313 2487 suprascriptos
1339 2395 1457 2465 solidos
1487 2399 1647 2468 consessus
1678 2398 1905 2492 percepisse†

895 2521 927 2615 †
956 2545 1020 2614 ogo
1039 2522 1209 2594 biblianus
1232 2521 1316 2594 filins
1343 2521 1465 2591 domini
1489 2523 1612 2594 mnstnli
1630 2535 1759 2615 rogatus
1787 2551 1805 2594 n
1837 2527 2066 2620 suprascriptos
2090 2529 2214 2622 iugulos

804 2649 876 2718 testi
904 2646 1075 2740 subscripsi
1095 2655 1128 2717 et
1150 2647 1381 2742 suprascriptos
1406 2647 1524 2717 solidos
1549 2650 1708 2718 confessus
1740 2649 1915 2742 percepisse
1935 2649 1965 2742 †

897 2775 928 2870 †
953 2797 1015 2868 ego
1044 2777 1196 2847 iohannes
1221 2775 1355 2846 Curialis
1385 2777 1443 2868 qui
1467 2785 1540 2867 post
1562 2775 1826 2868 subscriptionem
1846 2779 1974 2848 testium
1990 2778 2154 2873 Complevi
2180 2791 2213 2850 et

805 2901 926 2974 absolvi
953 2903 1006 2972 dic
1034 2912 1066 2970 et
1089 2901 1260 2972 indictione
1291 2907 1465 2972 memorato
1497 2901 1732 2998 quintodecimo
1756 2899 1787 2994 †
