4876 6532
1313 911 1506 1019 'nxxu

597 1245 651 1292 an.
820 1211 899 1307 †ln
912 1211 1045 1284 nomine
1060 1208 1183 1283 domini
1198 1207 1251 1280 dei
1266 1205 1431 1279 eduaturis
1447 1206 1548 1275 nostri
1561 1201 1656 1274 lbesu
1670 1199 1792 1274 Christi
1808 1203 1988 1296 imperante
2006 1203 2139 1276 domino

584 1358 669 1420 957.
723 1351 834 1414 nostro
850 1342 1057 1412 Constantino
1067 1361 1185 1432 magno
1195 1341 1391 1429 Imperatore
1406 1355 1491 1402 anno
1506 1332 1751 1426 quadragesimo
1768 1353 1866 1402 nono:
1885 1334 1940 1403 sed
1958 1339 1991 1404 et
2005 1353 2141 1401 romano

724 1488 842 1560 magno
865 1465 1061 1556 Imperatore
1092 1464 1162 1531 eius
1193 1459 1261 1529 fibo
1292 1479 1376 1528 anno
1399 1455 1606 1527 duodecimo:
1633 1456 1685 1526 die
1710 1455 1822 1525 octaba
1845 1456 1964 1526 mensis
1987 1455 2142 1527 februarii

722 1591 898 1664 indictione
921 1585 1156 1680 quintadecima
1179 1583 1328 1678 neapoli:
1353 1582 1484 1652 Certum
1508 1591 1555 1654 est
1572 1606 1625 1653 me
1641 1581 1753 1652 bonito
1768 1583 1835 1653 lilio
1860 1585 2024 1677 quondam
2039 1605 2142 1654 mau-

723 1713 785 1784 rici
807 1711 865 1806 qui
886 1708 948 1779 luit
971 1708 1107 1778 abitator
1138 1708 1174 1778 in
1207 1708 1303 1803 pariti
1325 1716 1359 1778 et
1381 1728 1442 1798 ego
1465 1706 1565 1777 modo
1599 1707 1718 1778 abitare
1746 1709 1861 1778 uideor
1892 1708 1927 1778 in
1950 1709 2080 1778 misna:
2107 1718 2142 1778 et

724 1835 887 1930 qnondam
909 1855 1003 1904 maru
1026 1833 1186 1926 iugalibus
1219 1853 1450 1927 personarum:
1477 1851 1641 1900 unacum
1669 1853 1858 1901 consensum
1881 1855 1976 1901 maru
2008 1831 2142 1924 coniugi

723 1982 820 2029 mee:
858 1981 877 2026 a
910 1961 1049 2050 presenti
1084 1959 1136 2030 die
1170 1959 1407 2053 promptissima
1440 1955 1605 2026 voluntate
1641 1956 1824 2028 venundedi
1848 1965 1881 2024 et
1910 1953 2026 2026 tradidi
2049 1953 2142 2026 vobis

723 2079 857 2153 iobanni
879 2089 912 2149 et
935 2080 1037 2150 marin
1061 2080 1183 2172 iugales
1203 2103 1263 2150 seu
1284 2081 1480 2152 iudecuuro:
1506 2089 1539 2150 et
1562 2079 1650 2148 timia
1673 2077 1795 2171 iugales
1825 2075 1889 2148 boc
1911 2087 1959 2148 est
1981 2077 2142 2172 germanis

723 2229 782 2277 seu
816 2214 968 2298 cognatas
999 2206 1073 2277 liliis
1107 2231 1165 2280 seu
1200 2228 1320 2278 nuruas
1353 2206 1437 2300 petri
1471 2206 1579 2279 manci
1608 2209 1649 2278 de
1683 2215 1861 2277 memorato
1892 2205 1966 2276 loco
2005 2205 2139 2275 mbae:

725 2332 809 2403 ldest
830 2329 955 2421 integra
979 2352 1043 2399 una
1068 2330 1153 2421 petia
1184 2353 1257 2402 mea
1287 2329 1328 2397 de
1353 2338 1437 2396 terra
1469 2353 1534 2420 que
1561 2329 1747 2398 nominatur
1771 2347 1920 2420 campum
1947 2325 1988 2396 de
2003 2325 2145 2398 misnam

724 2479 790 2528 una
813 2477 889 2526 cum
912 2454 1080 2523 arboribus
1103 2463 1136 2524 et
1158 2475 1234 2522 cum
1255 2450 1426 2521 introitum
1448 2473 1544 2521 suum
1566 2461 1599 2520 et
1623 2451 1772 2519 omnibus
1795 2452 1857 2521 sivi
1884 2452 2139 2544 pertinentibus:

727 2583 786 2676 qui
810 2583 865 2654 etb
888 2581 1019 2652 coberet
1041 2579 1104 2651 sivi
1128 2579 1168 2650 ab
1191 2601 1258 2650 uno
1280 2579 1379 2648 latere
1402 2587 1488 2648 terra
1503 2577 1621 2646 andrea
1647 2575 1714 2644 fitia
1729 2575 1797 2645 ursi
1820 2577 1859 2646 de
1875 2577 1948 2670 lupa
1971 2601 2035 2671 que
2051 2601 2147 2648 com·

727 2717 837 2801 parata
860 2707 933 2778 abes
958 2706 998 2777 da
1021 2703 1145 2776 cesario
1180 2687 1350 2775 moriello:
1383 2711 1416 2774 et
1447 2701 1488 2771 ab
1521 2701 1586 2770 alio
1618 2701 1717 2771 latere
1752 2711 1837 2770 terra
1868 2703 2037 2782 memorati
2060 2704 2146 2795 petri

729 2831 869 2924 genitori
891 2839 925 2902 et
947 2830 1050 2900 soceri
1073 2827 1172 2900 vestri
1202 2827 1262 2920 qui
1289 2824 1475 2896 nominatur
1501 2847 1616 2894 manco
1639 2833 1672 2894 et
1695 2823 1736 2893 ab
1759 2846 1826 2894 uno
1855 2825 1958 2917 capite
1986 2837 2034 2896 est
2061 2837 2147 2898 terra

731 2958 867 3048 aligerni
890 2956 1025 3028 exadelfi
1048 2955 1191 3046 germani
1215 2952 1293 3023 mei.
1319 2961 1353 3022 et
1375 2952 1416 3021 ab
1439 2951 1503 3022 elio
1518 2951 1622 3045 eapite
1637 2959 1684 3021 est
1706 2973 1855 3044 campum
1878 2951 1937 3046 qui
1961 2953 2146 3024 nominatur

730 3089 859 3172 pratum
882 3087 989 3148 sancte
1012 3076 1213 3170 neapolitane
1236 3076 1367 3147 ecclesie
1390 3076 1486 3178 sicuti
1509 3074 1594 3145 inter
1615 3098 1650 3146 se
1672 3076 1756 3168 sepis
1777 3077 1922 3147 exfinat:
1948 3078 2034 3150 unde
2065 3077 2147 3149 nihil

731 3201 814 3274 mibi
837 3202 952 3274 exinde
976 3201 1106 3295 aliquod
1130 3201 1283 3272 remansit
1305 3211 1361 3270 aut
1383 3200 1545 3272 reserbavi
1567 3199 1684 3271 necin
1708 3201 1810 3272 abana
1833 3203 1989 3298 cuiusque
2011 3225 2148 3297 persona

732 3330 821 3422 quod
845 3328 927 3396 absit
949 3326 1111 3397 commisit
1144 3334 1201 3398 aut
1232 3329 1299 3398 iam
1331 3327 1505 3398 commicto
1536 3335 1713 3421 potestate:
1749 3337 1842 3398 seta
1875 3328 2014 3421 presenti
2037 3327 2091 3402 die
2115 3335 2148 3399 et

732 3453 882 3546 deinceps
904 3453 970 3523 iam
992 3453 1155 3524 nominata
1178 3463 1354 3527 memorata
1377 3455 1503 3547 integra
1526 3462 1611 3524 terra
1633 3477 1705 3524 mea
1728 3475 1792 3548 que
1806 3455 1989 3536 nominatur
2003 3455 2038 3525 in
2055 3478 2147 3528 cam·

733 3600 812 3670 pum
835 3577 875 3649 de
898 3576 1005 3646 minna
1037 3599 1103 3646 una
1126 3599 1202 3648 cum
1231 3579 1381 3648 omnibus
1415 3579 1477 3648 sivi
1505 3577 1734 3673 pertinentibus
1757 3590 1913 3674 quatenus
1936 3605 1994 3674 per
2016 3603 2149 3652 memo·

734 3713 819 3772 ratas
841 3703 1041 3774 coherentia:
1064 3702 1156 3773 vobis
1171 3726 1223 3774 eas
1237 3703 1470 3775 insinuabimus
1492 3705 1576 3775 sicut
1603 3705 1748 3798 superius
1771 3705 1889 3800 legitur
1903 3731 1923 3776 a
1937 3707 2029 3778 nobis
2053 3706 2147 3778 vobis

734 3824 777 3896 sit
799 3827 993 3898 venumdata
1016 3833 1049 3895 et
1072 3827 1188 3896 tradita
1210 3827 1246 3896 in
1269 3833 1385 3898 vestra'
1398 3829 1576 3922 vestrisque
1610 3829 1780 3902 heredibus
1803 3830 1844 3900 sit
1870 3841 2024 3924 potestate
2047 3831 2150 3926 quid·

736 3949 816 4045 quid
838 3951 956 4020 exinde
971 3951 1078 4018 tacere
1101 3947 1328 4046 volueritis:et
1343 3971 1449 4042 neque
1465 3975 1485 4018 a
1499 3972 1553 4018 me
1575 3973 1680 4044 neque
1703 3977 1722 4021 a
1745 3953 1826 4022 meis
1853 3953 2025 4024 heredibus
2048 3977 2106 4025 nec
2130 3979 2149 4024 a

651 4127 657 4140 ,
736 4071 829 4142 nobis
844 4070 988 4164 personis
1001 4069 1177 4138 summissis
1194 4069 1283 4139 nullo
1299 4078 1477 4162 temporem
1492 4093 1670 4165 numquam
1688 4095 1746 4143 vos
1762 4083 1818 4143 aut
1839 4073 2010 4146 heredibus
2034 4075 2148 4148 vestris

737 4197 826 4292 quod
850 4195 933 4266 absit
955 4167 1075 4264 abeatis
1098 4193 1215 4266 exinde
1246 4216 1453 4289 quacumque
1475 4197 1686 4290 requisitione
1722 4207 1777 4268 aut
1800 4201 1944 4271 molestia
1968 4226 1986 4271 e
2009 4224 2094 4272 nunc
2117 4211 2153 4273 et
2261 4203 2291 4250 -’

737 4325 773 4394 in
795 4321 957 4417 perpetuis
980 4320 1203 4415 temporibus:
1230 4321 1364 4412 Insuper
1387 4330 1420 4392 et
1441 4321 1483 4390 nb
1498 4323 1587 4396 omni
1602 4325 1711 4396 omine
1725 4325 1878 4420 omnique
1901 4349 2044 4420 persona·
2060 4328 2150 4398 omni

737 4459 882 4541 tempore
905 4471 968 4541 ego
990 4457 1023 4520 et
1044 4449 1178 4519 heredes
1201 4448 1282 4518 meis
1305 4449 1397 4519 vobis
1419 4449 1598 4546 vestrisque
1622 4449 1793 4522 heredibus
1810 4452 1927 4523 exinde
1950 4453 1985 4523 in
2000 4452 2151 4525 omnibus

739 4579 898 4640 antestare
921 4582 954 4639 et
976 4571 1138 4642 delensare
1161 4571 1356 4643 debeamus:
1389 4583 1521 4666 propter
1550 4576 1639 4666 quod
1663 4575 1843 4668 accepimus
1875 4601 1905 4644 a·
1918 4576 2010 4648 uobis
2033 4577 2150 4650 exinde

739 4693 775 4764 in
797 4695 960 4787 presentis
995 4691 1078 4763 idest
1100 4694 1172 4763 auri
1194 4695 1256 4764 tari
1279 4695 1437 4790 quimque
1464 4696 1547 4767 sictu
1569 4696 1654 4768 inter
1677 4695 1770 4770 uobis
1793 4698 1955 4767 combenit
1978 4700 2066 4792 quod
2089 4721 2152 4791 ego

741 4820 827 4892 dedit
850 4844 909 4914 pro
933 4821 1039 4892 anima
1061 4832 1236 4892 memorata
1259 4845 1352 4894 maru
1376 4826 1562 4918 genitricem
1585 4849 1656 4896 mea
1680 4847 1739 4917 per
1754 4847 1885 4896 manum
1910 4827 2032 4897 domini
2057 4836 2153 4897 stau·

742 4945 821 5016 racii
843 4944 1032 5041 presbiteri:
1056 4943 1084 5019 ai
1101 4953 1209 5020 autem
1225 4944 1317 5018 aliter
1335 4947 1442 5020 iecere
1458 4948 1498 5021 de
1514 4947 1565 5022 lu's
1583 4947 1732 5022 omuibus
1755 4950 1940 5025 memoratis
1962 4973 2021 5044 per
2036 4949 2153 5048 quovis
2270 5035 2274 5043 Ι
