<?xml version="1.0" encoding="UTF-8"?>
<!DOCTYPE html PUBLIC "-//W3C//DTD XHTML 1.0 Transitional//EN"
    "http://www.w3.org/TR/xhtml1/DTD/xhtml1-transitional.dtd">
<html xmlns="http://www.w3.org/1999/xhtml" xml:lang="en" lang="en">
 <head>
  <title>
</title>
<meta http-equiv="Content-Type" content="text/html;charset=utf-8" />
  <meta name='ocr-system' content='tesseract 3.04.00' />
  <meta name='ocr-capabilities' content='ocr_page ocr_carea ocr_par ocr_line ocrx_word'/>
</head>
<body>
  <div class='ocr_page' id='page_1' title='image "./monumentaeditaa02napogoog_0098.png"; bbox 0 0 4876 6532; ppageno 0'>
   <div class='ocr_carea' id='block_1_1' title="bbox 864 631 991 986">
    <p class='ocr_par' dir='ltr' id='par_1_1' title="bbox 864 631 991 986">
     <span class='ocr_line' id='line_1_1' title="bbox 864 631 986 726; baseline -0.066 0"><span class='ocrx_word' id='word_1_1' title='bbox 864 631 940 726; x_wconf 78' lang='lat' dir='ltr'><strong>(o</strong></span> <span class='ocrx_word' id='word_1_2' title='bbox 972 633 986 718; x_wconf 75' lang='lat' dir='ltr'><strong>r</strong></span> 
     </span>
     <span class='ocr_line' id='line_1_2' title="bbox 864 915 991 986; baseline 0 0"><span class='ocrx_word' id='word_1_3' title='bbox 864 915 991 986; x_wconf 84' lang='lat' dir='ltr'><strong>LXXX.</strong></span> 
     </span>
    </p>
   </div>
   <div class='ocr_carea' id='block_1_2' title="bbox 134 1169 1784 5028">
    <p class='ocr_par' dir='ltr' id='par_1_2' title="bbox 227 1169 1784 1767">
     <span class='ocr_line' id='line_1_3' title="bbox 326 1169 1773 1271; baseline 0.006 -29"><span class='ocrx_word' id='word_1_4' title='bbox 326 1171 572 1266; x_wconf 88' lang='lat' dir='ltr'><strong>†1nnomine</strong></span> <span class='ocrx_word' id='word_1_5' title='bbox 595 1169 719 1242; x_wconf 90' lang='lat' dir='ltr'><strong>domini</strong></span> <span class='ocrx_word' id='word_1_6' title='bbox 741 1169 793 1242; x_wconf 89' lang='lat' dir='ltr'><strong>dei</strong></span> <span class='ocrx_word' id='word_1_7' title='bbox 816 1169 982 1242; x_wconf 84' lang='lat' dir='ltr'><strong>salvatoris</strong></span> <span class='ocrx_word' id='word_1_8' title='bbox 1005 1174 1107 1244; x_wconf 78' lang='lat' dir='ltr'><strong>nostri</strong></span> <span class='ocrx_word' id='word_1_9' title='bbox 1130 1173 1224 1246; x_wconf 90' lang='lat' dir='ltr'><strong>lbesu</strong></span> <span class='ocrx_word' id='word_1_10' title='bbox 1248 1171 1366 1243; x_wconf 79' lang='lat' dir='ltr'><strong>Christi</strong></span> <span class='ocrx_word' id='word_1_11' title='bbox 1390 1175 1565 1271; x_wconf 71' lang='lat' dir='ltr'><strong>Imperant:</strong></span> <span class='ocrx_word' id='word_1_12' title='bbox 1582 1181 1644 1251; x_wconf 82' lang='lat' dir='ltr'><strong>do-</strong></span> <span class='ocrx_word' id='word_1_13' title='bbox 1721 1187 1773 1236; x_wconf 58' lang='grc' dir='ltr'><strong>δῦ·</strong></span> 
     </span>
     <span class='ocr_line' id='line_1_4' title="bbox 229 1299 1784 1396; baseline 0.005 -26"><span class='ocrx_word' id='word_1_14' title='bbox 229 1301 315 1372; x_wconf 83' lang='lat' dir='ltr'><strong>mino</strong></span> <span class='ocrx_word' id='word_1_15' title='bbox 337 1313 444 1371; x_wconf 79' lang='lat' dir='ltr'><strong>aestro</strong></span> <span class='ocrx_word' id='word_1_16' title='bbox 463 1301 662 1372; x_wconf 80' lang='lat' dir='ltr'><strong>tbmtomtimo</strong></span> <span class='ocrx_word' id='word_1_17' title='bbox 684 1299 797 1393; x_wconf 69' lang='lat' dir='ltr'><strong>mopso</strong></span> <span class='ocrx_word' id='word_1_18' title='bbox 818 1303 1007 1392; x_wconf 71' lang='lat' dir='ltr'><strong><em>Imperatore</em></strong></span> <span class='ocrx_word' id='word_1_19' title='bbox 1028 1325 1113 1371; x_wconf 89' lang='lat' dir='ltr'><strong>anno</strong></span> <span class='ocrx_word' id='word_1_20' title='bbox 1146 1301 1391 1396; x_wconf 86' lang='lat' dir='ltr'><strong>quadragesimo</strong></span> <span class='ocrx_word' id='word_1_21' title='bbox 1426 1325 1514 1373; x_wconf 91' lang='lat' dir='ltr'><strong>nono</strong></span> <span class='ocrx_word' id='word_1_22' title='bbox 1536 1309 1588 1374; x_wconf 85' lang='lat' dir='ltr'><strong>aed</strong></span> <span class='ocrx_word' id='word_1_23' title='bbox 1614 1323 1643 1377; x_wconf 84' lang='lat' dir='ltr'><strong>et</strong></span> <span class='ocrx_word' id='word_1_24' title='bbox 1697 1300 1784 1359; x_wconf 75' lang='lat'><strong>9⁵7·</strong></span> 
     </span>
     <span class='ocr_line' id='line_1_5' title="bbox 230 1424 1645 1520; baseline 0.005 -28"><span class='ocrx_word' id='word_1_25' title='bbox 230 1447 359 1496; x_wconf 84' lang='lat' dir='ltr'><strong>romoao</strong></span> <span class='ocrx_word' id='word_1_26' title='bbox 380 1447 493 1518; x_wconf 73' lang='lat' dir='ltr'><strong>mopso</strong></span> <span class='ocrx_word' id='word_1_27' title='bbox 516 1427 700 1518; x_wconf 73' lang='lat' dir='ltr'><strong><em>imperatore</em></strong></span> <span class='ocrx_word' id='word_1_28' title='bbox 723 1425 788 1498; x_wconf 78' lang='lat' dir='ltr'><strong>airu</strong></span> <span class='ocrx_word' id='word_1_29' title='bbox 808 1427 877 1517; x_wconf 72' lang='lat' dir='ltr'><strong>filio</strong></span> <span class='ocrx_word' id='word_1_30' title='bbox 899 1449 984 1496; x_wconf 87' lang='lat' dir='ltr'><strong>anno</strong></span> <span class='ocrx_word' id='word_1_31' title='bbox 1015 1424 1231 1496; x_wconf 83' lang='lat' dir='ltr'><strong>duodecimo:</strong></span> <span class='ocrx_word' id='word_1_32' title='bbox 1265 1425 1318 1494; x_wconf 91' lang='lat' dir='ltr'><strong>die</strong></span> <span class='ocrx_word' id='word_1_33' title='bbox 1341 1424 1493 1496; x_wconf 86' lang='lat' dir='ltr'><strong>vicesima</strong></span> <span class='ocrx_word' id='word_1_34' title='bbox 1531 1439 1645 1520; x_wconf 88' lang='lat' dir='ltr'><strong>quarta</strong></span> 
     </span>
     <span class='ocr_line' id='line_1_6' title="bbox 229 1547 1642 1645; baseline 0.004 -28"><span class='ocrx_word' id='word_1_35' title='bbox 229 1547 345 1618; x_wconf 81' lang='lat' dir='ltr'>mensis</span> <span class='ocrx_word' id='word_1_36' title='bbox 369 1547 498 1640; x_wconf 77' lang='lat' dir='ltr'><strong>augusti</strong></span> <span class='ocrx_word' id='word_1_37' title='bbox 521 1548 693 1622; x_wconf 74' lang='lat' dir='ltr'><strong>indictione</strong></span> <span class='ocrx_word' id='word_1_38' title='bbox 717 1549 952 1645; x_wconf 82' lang='lat' dir='ltr'><strong>quintadecima</strong></span> <span class='ocrx_word' id='word_1_39' title='bbox 974 1547 1128 1642; x_wconf 76' lang='lat' dir='ltr'><strong>neapoli:</strong></span> <span class='ocrx_word' id='word_1_40' title='bbox 1154 1548 1284 1618; x_wconf 73' lang='lat' dir='ltr'><strong>Cenum</strong></span> <span class='ocrx_word' id='word_1_41' title='bbox 1307 1555 1355 1616; x_wconf 88' lang='lat' dir='ltr'><strong>est</strong></span> <span class='ocrx_word' id='word_1_42' title='bbox 1378 1570 1431 1616; x_wconf 89' lang='lat' dir='ltr'><strong>me</strong></span> <span class='ocrx_word' id='word_1_43' title='bbox 1455 1550 1642 1641; x_wconf 84' lang='lat' dir='ltr'><strong>gregorium</strong></span> 
     </span>
     <span class='ocr_line' id='line_1_7' title="bbox 227 1673 1635 1767; baseline 0 -23"><span class='ocrx_word' id='word_1_44' title='bbox 227 1673 441 1746; x_wconf 86' lang='lat' dir='ltr'><strong>surrentinum</strong></span> <span class='ocrx_word' id='word_1_45' title='bbox 465 1673 569 1754; x_wconf 89' lang='lat' dir='ltr'><strong>filium</strong></span> <span class='ocrx_word' id='word_1_46' title='bbox 591 1676 755 1767; x_wconf 88' lang='lat' dir='ltr'><strong>quondam</strong></span> <span class='ocrx_word' id='word_1_47' title='bbox 779 1673 927 1745; x_wconf 86' lang='lat' dir='ltr'><strong>iohannis</strong></span> <span class='ocrx_word' id='word_1_48' title='bbox 935 1719 1635 1745; x_wconf 83' lang='lat'><strong>..............................</strong></span> 
     </span>
    </p>

    <p class='ocr_par' dir='ltr' id='par_1_3' title="bbox 134 1797 1741 5028">
     <span class='ocr_line' id='line_1_8' title="bbox 225 1797 1644 1894; baseline 0.001 -23"><span class='ocrx_word' id='word_1_49' title='bbox 225 1801 254 1871; x_wconf 80' lang='grc' dir='ltr'><strong>Α</strong></span> <span class='ocrx_word' id='word_1_50' title='bbox 278 1803 417 1894; x_wconf 77' lang='lat' dir='ltr'><strong>presenti</strong></span> <span class='ocrx_word' id='word_1_51' title='bbox 434 1801 487 1872; x_wconf 90' lang='lat' dir='ltr'><strong>die</strong></span> <span class='ocrx_word' id='word_1_52' title='bbox 503 1803 743 1894; x_wconf 89' lang='lat' dir='ltr'><strong>promptissima</strong></span> <span class='ocrx_word' id='word_1_53' title='bbox 760 1803 924 1872; x_wconf 87' lang='lat' dir='ltr'><strong>voluntate</strong></span> <span class='ocrx_word' id='word_1_54' title='bbox 939 1801 1119 1874; x_wconf 86' lang='lat' dir='ltr'><strong>venundedi</strong></span> <span class='ocrx_word' id='word_1_55' title='bbox 1135 1809 1168 1871; x_wconf 88' lang='lat' dir='ltr'><strong>et</strong></span> <span class='ocrx_word' id='word_1_56' title='bbox 1184 1797 1302 1871; x_wconf 87' lang='lat' dir='ltr'><strong>tradidi</strong></span> <span class='ocrx_word' id='word_1_57' title='bbox 1317 1799 1411 1870; x_wconf 93' lang='lat' dir='ltr'><strong>vobis</strong></span> <span class='ocrx_word' id='word_1_58' title='bbox 1427 1801 1558 1871; x_wconf 90' lang='lat' dir='ltr'><strong>domino</strong></span> <span class='ocrx_word' id='word_1_59' title='bbox 1574 1813 1644 1874; x_wconf 88' lang='lat' dir='ltr'><strong>ste-</strong></span> 
     </span>
     <span class='ocr_line' id='line_1_9' title="bbox 225 1925 1645 2020; baseline 0.002 -25"><span class='ocrx_word' id='word_1_60' title='bbox 225 1925 335 2018; x_wconf 90' lang='lat' dir='ltr'><strong>phano</strong></span> <span class='ocrx_word' id='word_1_61' title='bbox 359 1927 426 1996; x_wconf 88' lang='lat' dir='ltr'><strong>hlio</strong></span> <span class='ocrx_word' id='word_1_62' title='bbox 449 1928 613 2019; x_wconf 89' lang='lat' dir='ltr'><strong>quondam</strong></span> <span class='ocrx_word' id='word_1_63' title='bbox 637 1927 759 1998; x_wconf 90' lang='lat' dir='ltr'><strong>domini</strong></span> <span class='ocrx_word' id='word_1_64' title='bbox 781 1927 868 2000; x_wconf 86' lang='lat' dir='ltr'><strong>leoni</strong></span> <span class='ocrx_word' id='word_1_65' title='bbox 890 1938 923 1998; x_wconf 87' lang='lat' dir='ltr'><strong>et</strong></span> <span class='ocrx_word' id='word_1_66' title='bbox 946 1928 1076 1998; x_wconf 92' lang='lat' dir='ltr'><strong>domine</strong></span> <span class='ocrx_word' id='word_1_67' title='bbox 1099 1927 1187 2020; x_wconf 89' lang='lat' dir='ltr'><strong>pitru</strong></span> <span class='ocrx_word' id='word_1_68' title='bbox 1210 1925 1345 1996; x_wconf 81' lang='lat' dir='ltr'><strong>honeste</strong></span> <span class='ocrx_word' id='word_1_69' title='bbox 1368 1928 1487 1997; x_wconf 83' lang='lat' dir='ltr'><strong>femine</strong></span> <span class='ocrx_word' id='word_1_70' title='bbox 1510 1927 1573 1998; x_wconf 86' lang='lat' dir='ltr'><strong>boc</strong></span> <span class='ocrx_word' id='word_1_71' title='bbox 1597 1939 1645 1998; x_wconf 89' lang='lat' dir='ltr'><strong>est</strong></span> 
     </span>
     <span class='ocr_line' id='line_1_10' title="bbox 219 2050 1644 2146; baseline 0.004 -26"><span class='ocrx_word' id='word_1_72' title='bbox 219 2050 366 2144; x_wconf 82' lang='lat' dir='ltr'><strong>iugales:</strong></span> <span class='ocrx_word' id='word_1_73' title='bbox 391 2051 474 2124; x_wconf 91' lang='lat' dir='ltr'><strong>idest</strong></span> <span class='ocrx_word' id='word_1_74' title='bbox 496 2054 637 2146; x_wconf 77' lang='lat' dir='ltr'><strong>integras</strong></span> <span class='ocrx_word' id='word_1_75' title='bbox 659 2054 827 2124; x_wconf 82' lang='lat' dir='ltr'><strong>sexuncias</strong></span> <span class='ocrx_word' id='word_1_76' title='bbox 850 2075 938 2124; x_wconf 89' lang='lat' dir='ltr'><strong>meas</strong></span> <span class='ocrx_word' id='word_1_77' title='bbox 961 2055 1001 2124; x_wconf 89' lang='lat' dir='ltr'><strong>de</strong></span> <span class='ocrx_word' id='word_1_78' title='bbox 1023 2054 1147 2144; x_wconf 81' lang='lat' dir='ltr'><strong>integra</strong></span> <span class='ocrx_word' id='word_1_79' title='bbox 1169 2052 1322 2121; x_wconf 79' lang='lat' dir='ltr'><strong>interiora</strong></span> <span class='ocrx_word' id='word_1_80' title='bbox 1339 2063 1372 2122; x_wconf 87' lang='lat' dir='ltr'><strong>et</strong></span> <span class='ocrx_word' id='word_1_81' title='bbox 1395 2054 1561 2146; x_wconf 88' lang='lat' dir='ltr'><strong>superiora</strong></span> <span class='ocrx_word' id='word_1_82' title='bbox 1583 2077 1644 2126; x_wconf 89' lang='lat' dir='ltr'><strong>su-</strong></span> 
     </span>
     <span class='ocr_line' id='line_1_11' title="bbox 221 2175 1643 2271; baseline 0.004 -27"><span class='ocrx_word' id='word_1_83' title='bbox 221 2197 280 2269; x_wconf 88' lang='lat' dir='ltr'><strong>per</strong></span> <span class='ocrx_word' id='word_1_84' title='bbox 298 2195 337 2244; x_wconf 86' lang='lat' dir='ltr'><strong>¹se</strong></span> <span class='ocrx_word' id='word_1_85' title='bbox 362 2199 427 2246; x_wconf 91' lang='lat' dir='ltr'><strong>una</strong></span> <span class='ocrx_word' id='word_1_86' title='bbox 450 2195 548 2267; x_wconf 89' lang='lat' dir='ltr'><strong>super</strong></span> <span class='ocrx_word' id='word_1_87' title='bbox 571 2175 632 2245; x_wconf 89' lang='lat' dir='ltr'><strong>alia</strong></span> <span class='ocrx_word' id='word_1_88' title='bbox 656 2177 828 2248; x_wconf 82' lang='lat' dir='ltr'><strong>constituta</strong></span> <span class='ocrx_word' id='word_1_89' title='bbox 851 2177 956 2268; x_wconf 85' lang='lat' dir='ltr'><strong>posita</strong></span> <span class='ocrx_word' id='word_1_90' title='bbox 980 2199 1060 2246; x_wconf 88' lang='lat' dir='ltr'><strong>vero</strong></span> <span class='ocrx_word' id='word_1_91' title='bbox 1082 2175 1169 2244; x_wconf 90' lang='lat' dir='ltr'><strong>intus</strong></span> <span class='ocrx_word' id='word_1_92' title='bbox 1191 2175 1252 2246; x_wconf 88' lang='lat' dir='ltr'><strong>hae</strong></span> <span class='ocrx_word' id='word_1_93' title='bbox 1285 2176 1415 2248; x_wconf 83' lang='lat' dir='ltr'><strong>civitate</strong></span> <span class='ocrx_word' id='word_1_94' title='bbox 1442 2179 1585 2271; x_wconf 90' lang='lat' dir='ltr'><strong>neapolis</strong></span> <span class='ocrx_word' id='word_1_95' title='bbox 1609 2181 1643 2250; x_wconf 92' lang='lat' dir='ltr'><strong>in</strong></span> 
     </span>
     <span class='ocr_line' id='line_1_12' title="bbox 225 2298 1643 2393; baseline 0.004 -24"><span class='ocrx_word' id='word_1_96' title='bbox 225 2299 300 2370; x_wconf 82' lang='lat' dir='ltr'><strong>vieo</strong></span> <span class='ocrx_word' id='word_1_97' title='bbox 323 2298 380 2393; x_wconf 91' lang='lat' dir='ltr'><strong>qui</strong></span> <span class='ocrx_word' id='word_1_98' title='bbox 404 2298 588 2368; x_wconf 89' lang='lat' dir='ltr'><strong>nominatur</strong></span> <span class='ocrx_word' id='word_1_99' title='bbox 611 2299 779 2392; x_wconf 82' lang='lat' dir='ltr'><strong>virginum</strong></span> <span class='ocrx_word' id='word_1_100' title='bbox 804 2308 836 2370; x_wconf 90' lang='lat' dir='ltr'><strong>et</strong></span> <span class='ocrx_word' id='word_1_101' title='bbox 860 2323 936 2372; x_wconf 86' lang='lat' dir='ltr'><strong>eum</strong></span> <span class='ocrx_word' id='word_1_102' title='bbox 960 2301 1110 2372; x_wconf 80' lang='lat' dir='ltr'><strong>uberibus</strong></span> <span class='ocrx_word' id='word_1_103' title='bbox 1134 2311 1166 2371; x_wconf 91' lang='lat' dir='ltr'><strong>et</strong></span> <span class='ocrx_word' id='word_1_104' title='bbox 1180 2302 1360 2392; x_wconf 76' lang='lat' dir='ltr'><strong>aspectibus</strong></span> <span class='ocrx_word' id='word_1_105' title='bbox 1376 2304 1442 2372; x_wconf 92' lang='lat' dir='ltr'><strong>suis</strong></span> <span class='ocrx_word' id='word_1_106' title='bbox 1456 2303 1552 2374; x_wconf 87' lang='lat' dir='ltr'><strong>simul</strong></span> <span class='ocrx_word' id='word_1_107' title='bbox 1567 2327 1643 2375; x_wconf 88' lang='lat' dir='ltr'><strong>eum</strong></span> 
     </span>
     <span class='ocr_line' id='line_1_13' title="bbox 225 2424 1640 2517; baseline 0.004 -21"><span class='ocrx_word' id='word_1_108' title='bbox 225 2424 393 2496; x_wconf 89' lang='lat' dir='ltr'><strong>introitum</strong></span> <span class='ocrx_word' id='word_1_109' title='bbox 416 2447 512 2494; x_wconf 91' lang='lat' dir='ltr'><strong>suum</strong></span> <span class='ocrx_word' id='word_1_110' title='bbox 535 2447 554 2492; x_wconf 85' lang='lat' dir='ltr'><strong>a</strong></span> <span class='ocrx_word' id='word_1_111' title='bbox 577 2432 668 2516; x_wconf 86' lang='lat' dir='ltr'><strong>parte</strong></span> <span class='ocrx_word' id='word_1_112' title='bbox 693 2426 734 2494; x_wconf 91' lang='lat' dir='ltr'><strong>de</strong></span> <span class='ocrx_word' id='word_1_113' title='bbox 757 2434 972 2496; x_wconf 88' lang='lat' dir='ltr'><strong>memoratum</strong></span> <span class='ocrx_word' id='word_1_114' title='bbox 1006 2425 1115 2495; x_wconf 89' lang='lat' dir='ltr'><strong>bieum</strong></span> <span class='ocrx_word' id='word_1_115' title='bbox 1149 2424 1316 2517; x_wconf 87' lang='lat' dir='ltr'><strong>publicum</strong></span> <span class='ocrx_word' id='word_1_116' title='bbox 1345 2436 1379 2497; x_wconf 92' lang='lat' dir='ltr'><strong>et</strong></span> <span class='ocrx_word' id='word_1_117' title='bbox 1401 2429 1550 2500; x_wconf 90' lang='lat' dir='ltr'><strong>omnibus</strong></span> <span class='ocrx_word' id='word_1_118' title='bbox 1578 2431 1640 2502; x_wconf 92' lang='lat' dir='ltr'><strong>sivi</strong></span> 
     </span>
     <span class='ocr_line' id='line_1_14' title="bbox 222 2547 1639 2646; baseline 0.004 -25"><span class='ocrx_word' id='word_1_119' title='bbox 222 2550 451 2646; x_wconf 87' lang='lat' dir='ltr'><strong>pertinentibus</strong></span> <span class='ocrx_word' id='word_1_120' title='bbox 473 2550 650 2644; x_wconf 86' lang='lat' dir='ltr'><strong>pertinente</strong></span> <span class='ocrx_word' id='word_1_121' title='bbox 674 2547 798 2618; x_wconf 81' lang='lat' dir='ltr'><strong>mihin</strong></span> <span class='ocrx_word' id='word_1_122' title='bbox 821 2548 954 2642; x_wconf 90' lang='lat' dir='ltr'><strong>quidem</strong></span> <span class='ocrx_word' id='word_1_123' title='bbox 983 2549 1115 2621; x_wconf 85' lang='lat' dir='ltr'><strong>domino</strong></span> <span class='ocrx_word' id='word_1_124' title='bbox 1150 2550 1289 2622; x_wconf 89' lang='lat' dir='ltr'><strong>iohanne</strong></span> <span class='ocrx_word' id='word_1_125' title='bbox 1324 2554 1484 2624; x_wconf 84' lang='lat' dir='ltr'><strong>monacho</strong></span> <span class='ocrx_word' id='word_1_126' title='bbox 1516 2556 1639 2626; x_wconf 89' lang='lat' dir='ltr'><strong>dudum</strong></span> 
     </span>
     <span class='ocr_line' id='line_1_15' title="bbox 134 2675 1641 2770; baseline 0.001 -19"><span class='ocrx_word' id='word_1_127' title='bbox 134 2751 140 2761; x_wconf 83' lang='grc'>,</span> <span class='ocrx_word' id='word_1_128' title='bbox 226 2681 358 2752; x_wconf 91' lang='lat' dir='ltr'><strong>domino</strong></span> <span class='ocrx_word' id='word_1_129' title='bbox 380 2701 454 2750; x_wconf 92' lang='lat' dir='ltr'><strong>meo</strong></span> <span class='ocrx_word' id='word_1_130' title='bbox 477 2680 562 2750; x_wconf 92' lang='lat' dir='ltr'><strong>uude</strong></span> <span class='ocrx_word' id='word_1_131' title='bbox 586 2676 668 2748; x_wconf 92' lang='lat' dir='ltr'><strong>nibil</strong></span> <span class='ocrx_word' id='word_1_132' title='bbox 690 2675 773 2758; x_wconf 83' lang='lat' dir='ltr'><strong>mihi</strong></span> <span class='ocrx_word' id='word_1_133' title='bbox 796 2676 914 2746; x_wconf 84' lang='lat' dir='ltr'><strong>exinde</strong></span> <span class='ocrx_word' id='word_1_134' title='bbox 938 2676 1069 2770; x_wconf 79' lang='lat' dir='ltr'><strong>aliquod</strong></span> <span class='ocrx_word' id='word_1_135' title='bbox 1093 2679 1246 2750; x_wconf 80' lang='lat' dir='ltr'><strong>remansit</strong></span> <span class='ocrx_word' id='word_1_136' title='bbox 1262 2688 1317 2748; x_wconf 91' lang='lat' dir='ltr'><strong>aut</strong></span> <span class='ocrx_word' id='word_1_137' title='bbox 1336 2681 1499 2752; x_wconf 87' lang='lat' dir='ltr'><strong>reserbavi</strong></span> <span class='ocrx_word' id='word_1_138' title='bbox 1522 2706 1582 2752; x_wconf 89' lang='lat' dir='ltr'><strong>nee</strong></span> <span class='ocrx_word' id='word_1_139' title='bbox 1605 2685 1641 2754; x_wconf 92' lang='lat' dir='ltr'><strong>in</strong></span> 
     </span>
     <span class='ocr_line' id='line_1_16' title="bbox 224 2799 1640 2900; baseline 0.001 -28"><span class='ocrx_word' id='word_1_140' title='bbox 224 2801 325 2874; x_wconf 87' lang='lat' dir='ltr'><strong>aliena</strong></span> <span class='ocrx_word' id='word_1_141' title='bbox 348 2803 505 2895; x_wconf 88' lang='lat' dir='ltr'><strong>cuiusque</strong></span> <span class='ocrx_word' id='word_1_142' title='bbox 520 2823 655 2893; x_wconf 89' lang='lat' dir='ltr'><strong>persona</strong></span> <span class='ocrx_word' id='word_1_143' title='bbox 671 2799 761 2894; x_wconf 90' lang='lat' dir='ltr'><strong>quod</strong></span> <span class='ocrx_word' id='word_1_144' title='bbox 778 2799 859 2870; x_wconf 89' lang='lat' dir='ltr'><strong>absit</strong></span> <span class='ocrx_word' id='word_1_145' title='bbox 872 2800 1034 2870; x_wconf 82' lang='lat' dir='ltr'><strong>commisit</strong></span> <span class='ocrx_word' id='word_1_146' title='bbox 1050 2808 1106 2870; x_wconf 88' lang='lat' dir='ltr'><strong>aut</strong></span> <span class='ocrx_word' id='word_1_147' title='bbox 1118 2800 1182 2869; x_wconf 90' lang='lat' dir='ltr'><strong>iam</strong></span> <span class='ocrx_word' id='word_1_148' title='bbox 1198 2801 1367 2872; x_wconf 88' lang='lat' dir='ltr'><strong>committo</strong></span> <span class='ocrx_word' id='word_1_149' title='bbox 1383 2811 1560 2895; x_wconf 79' lang='lat' dir='ltr'><strong>potestate:</strong></span> <span class='ocrx_word' id='word_1_150' title='bbox 1581 2805 1640 2900; x_wconf 90' lang='lat' dir='ltr'><strong>qui</strong></span> 
     </span>
     <span class='ocr_line' id='line_1_17' title="bbox 224 2925 1639 3020; baseline 0.001 -20"><span class='ocrx_word' id='word_1_151' title='bbox 224 2938 255 3000; x_wconf 93' lang='lat' dir='ltr'><strong>et</strong></span> <span class='ocrx_word' id='word_1_152' title='bbox 269 2928 403 3000; x_wconf 82' lang='lat' dir='ltr'><strong>coheret</strong></span> <span class='ocrx_word' id='word_1_153' title='bbox 416 2927 477 2998; x_wconf 90' lang='lat' dir='ltr'><strong>sivi</strong></span> <span class='ocrx_word' id='word_1_154' title='bbox 494 2952 512 2995; x_wconf 88' lang='lat' dir='ltr'><strong>a</strong></span> <span class='ocrx_word' id='word_1_155' title='bbox 527 2935 617 3018; x_wconf 88' lang='lat' dir='ltr'><strong>parte</strong></span> <span class='ocrx_word' id='word_1_156' title='bbox 631 2925 788 2996; x_wconf 90' lang='lat' dir='ltr'><strong>horientis</strong></span> <span class='ocrx_word' id='word_1_157' title='bbox 802 2937 999 2999; x_wconf 88' lang='lat' dir='ltr'><strong>memoratus</strong></span> <span class='ocrx_word' id='word_1_158' title='bbox 1012 2927 1104 2998; x_wconf 89' lang='lat' dir='ltr'><strong>biens</strong></span> <span class='ocrx_word' id='word_1_159' title='bbox 1118 2927 1267 3020; x_wconf 88' lang='lat' dir='ltr'><strong>publicus</strong></span> <span class='ocrx_word' id='word_1_160' title='bbox 1281 2931 1366 2998; x_wconf 89' lang='lat' dir='ltr'><strong>unde</strong></span> <span class='ocrx_word' id='word_1_161' title='bbox 1382 2929 1502 3002; x_wconf 87' lang='lat' dir='ltr'><strong>ibidem</strong></span> <span class='ocrx_word' id='word_1_162' title='bbox 1521 2931 1639 3003; x_wconf 85' lang='lat' dir='ltr'><strong>introi·</strong></span> 
     </span>
     <span class='ocr_line' id='line_1_18' title="bbox 222 3052 1635 3147; baseline 0.001 -23"><span class='ocrx_word' id='word_1_163' title='bbox 222 3062 292 3124; x_wconf 89' lang='lat' dir='ltr'><strong>tum</strong></span> <span class='ocrx_word' id='word_1_164' title='bbox 315 3055 410 3126; x_wconf 86' lang='lat' dir='ltr'><strong>abere</strong></span> <span class='ocrx_word' id='word_1_165' title='bbox 433 3054 567 3124; x_wconf 83' lang='lat' dir='ltr'><strong>debentia</strong></span> <span class='ocrx_word' id='word_1_166' title='bbox 574 3099 680 3124; x_wconf 88' lang='grc'><strong>.....</strong></span> <span class='ocrx_word' id='word_1_167' title='bbox 704 3061 835 3146; x_wconf 86' lang='lat' dir='ltr'><strong>aparte</strong></span> <span class='ocrx_word' id='word_1_168' title='bbox 859 3056 898 3124; x_wconf 90' lang='lat' dir='ltr'><strong>de</strong></span> <span class='ocrx_word' id='word_1_169' title='bbox 922 3061 1135 3123; x_wconf 89' lang='lat' dir='ltr'><strong>memoratum</strong></span> <span class='ocrx_word' id='word_1_170' title='bbox 1158 3052 1268 3122; x_wconf 87' lang='lat' dir='ltr'><strong>bicum</strong></span> <span class='ocrx_word' id='word_1_171' title='bbox 1293 3075 1351 3123; x_wconf 87' lang='lat' dir='ltr'><strong>vos</strong></span> <span class='ocrx_word' id='word_1_172' title='bbox 1379 3063 1487 3146; x_wconf 83' lang='lat' dir='ltr'><strong>portas</strong></span> <span class='ocrx_word' id='word_1_173' title='bbox 1511 3056 1635 3147; x_wconf 86' lang='lat' dir='ltr'><strong>aperire</strong></span> 
     </span>
     <span class='ocr_line' id='line_1_19' title="bbox 220 3178 1631 3274; baseline -0.002 -18"><span class='ocrx_word' id='word_1_174' title='bbox 220 3185 371 3258; x_wconf 87' lang='lat' dir='ltr'><strong>debeatis.</strong></span> <span class='ocrx_word' id='word_1_175' title='bbox 396 3191 428 3254; x_wconf 89' lang='lat' dir='ltr'><strong>et</strong></span> <span class='ocrx_word' id='word_1_176' title='bbox 436 3233 562 3256; x_wconf 91' lang='grc'><strong>......</strong></span> <span class='ocrx_word' id='word_1_177' title='bbox 593 3182 726 3252; x_wconf 85' lang='lat' dir='ltr'><strong>coheret</strong></span> <span class='ocrx_word' id='word_1_178' title='bbox 749 3182 863 3250; x_wconf 88' lang='lat' dir='ltr'><strong>domus</strong></span> <span class='ocrx_word' id='word_1_179' title='bbox 887 3178 972 3248; x_wconf 89' lang='lat' dir='ltr'><strong>leoni</strong></span> <span class='ocrx_word' id='word_1_180' title='bbox 997 3180 1036 3249; x_wconf 90' lang='lat' dir='ltr'><strong>de</strong></span> <span class='ocrx_word' id='word_1_181' title='bbox 1060 3178 1227 3271; x_wconf 85' lang='lat' dir='ltr'><strong>pacificum</strong></span> <span class='ocrx_word' id='word_1_182' title='bbox 1251 3189 1285 3250; x_wconf 89' lang='lat' dir='ltr'><strong>et</strong></span> <span class='ocrx_word' id='word_1_183' title='bbox 1308 3204 1325 3246; x_wconf 85' lang='lat' dir='ltr'><strong>a</strong></span> <span class='ocrx_word' id='word_1_184' title='bbox 1350 3191 1441 3274; x_wconf 90' lang='lat' dir='ltr'><strong>parte</strong></span> <span class='ocrx_word' id='word_1_185' title='bbox 1457 3183 1631 3254; x_wconf 83' lang='lat' dir='ltr'><strong>occidentis</strong></span> 
     </span>
     <span class='ocr_line' id='line_1_20' title="bbox 227 3305 1639 3400; baseline -0.004 -18"><span class='ocrx_word' id='word_1_186' title='bbox 227 3362 354 3385; x_wconf 89' lang='grc'><strong>......</strong></span> <span class='ocrx_word' id='word_1_187' title='bbox 383 3323 489 3384; x_wconf 85' lang='lat' dir='ltr'><strong>vestra</strong></span> <span class='ocrx_word' id='word_1_188' title='bbox 511 3310 697 3382; x_wconf 88' lang='lat' dir='ltr'><strong>memoratis</strong></span> <span class='ocrx_word' id='word_1_189' title='bbox 720 3307 842 3400; x_wconf 77' lang='lat' dir='ltr'><strong>iugales</strong></span> <span class='ocrx_word' id='word_1_190' title='bbox 865 3314 898 3375; x_wconf 92' lang='lat' dir='ltr'><strong>et</strong></span> <span class='ocrx_word' id='word_1_191' title='bbox 920 3330 939 3376; x_wconf 88' lang='lat' dir='ltr'><strong>a</strong></span> <span class='ocrx_word' id='word_1_192' title='bbox 962 3311 1052 3397; x_wconf 90' lang='lat' dir='ltr'><strong>parte</strong></span> <span class='ocrx_word' id='word_1_193' title='bbox 1076 3305 1300 3395; x_wconf 85' lang='lat' dir='ltr'><strong>septentrionis</strong></span> <span class='ocrx_word' id='word_1_194' title='bbox 1316 3305 1448 3376; x_wconf 90' lang='lat' dir='ltr'><strong>coheret</strong></span> <span class='ocrx_word' id='word_1_195' title='bbox 1464 3308 1541 3375; x_wconf 87' lang='lat' dir='ltr'><strong>alias</strong></span> <span class='ocrx_word' id='word_1_196' title='bbox 1557 3331 1639 3378; x_wconf 86' lang='lat' dir='ltr'><strong>sex-</strong></span> 
     </span>
     <span class='ocr_line' id='line_1_21' title="bbox 219 3429 1638 3530; baseline -0.006 -22"><span class='ocrx_word' id='word_1_197' title='bbox 219 3440 328 3510; x_wconf 88' lang='lat' dir='ltr'><strong>uneias</strong></span> <span class='ocrx_word' id='word_1_198' title='bbox 351 3461 394 3510; x_wconf 88' lang='lat' dir='ltr'><strong>ex</strong></span> <span class='ocrx_word' id='word_1_199' title='bbox 416 3437 486 3530; x_wconf 92' lang='lat' dir='ltr'><strong>ipsa</strong></span> <span class='ocrx_word' id='word_1_200' title='bbox 508 3436 660 3508; x_wconf 84' lang='lat' dir='ltr'><strong>inferiora</strong></span> <span class='ocrx_word' id='word_1_201' title='bbox 685 3441 717 3504; x_wconf 87' lang='lat' dir='ltr'><strong>et</strong></span> <span class='ocrx_word' id='word_1_202' title='bbox 740 3431 906 3525; x_wconf 87' lang='lat' dir='ltr'><strong>superiora</strong></span> <span class='ocrx_word' id='word_1_203' title='bbox 929 3453 1026 3524; x_wconf 91' lang='lat' dir='ltr'><strong>super</strong></span> <span class='ocrx_word' id='word_1_204' title='bbox 1049 3452 1083 3500; x_wconf 88' lang='lat' dir='ltr'><strong>se</strong></span> <span class='ocrx_word' id='word_1_205' title='bbox 1107 3430 1148 3500; x_wconf 91' lang='lat' dir='ltr'><strong>de</strong></span> <span class='ocrx_word' id='word_1_206' title='bbox 1171 3429 1305 3522; x_wconf 93' lang='lat' dir='ltr'><strong>quidem</strong></span> <span class='ocrx_word' id='word_1_207' title='bbox 1328 3430 1404 3498; x_wconf 93' lang='lat' dir='ltr'><strong>boni</strong></span> <span class='ocrx_word' id='word_1_208' title='bbox 1422 3431 1461 3500; x_wconf 90' lang='lat' dir='ltr'><strong>de</strong></span> <span class='ocrx_word' id='word_1_209' title='bbox 1484 3429 1557 3498; x_wconf 87' lang='lat' dir='ltr'><strong>loeo</strong></span> <span class='ocrx_word' id='word_1_210' title='bbox 1580 3430 1638 3522; x_wconf 88' lang='lat' dir='ltr'><strong>qui</strong></span> 
     </span>
     <span class='ocr_line' id='line_1_22' title="bbox 219 3532 1639 3655; baseline -0.004 -23"><span class='ocrx_word' id='word_1_211' title='bbox 219 3562 401 3634; x_wconf 87' lang='lat' dir='ltr'><strong>nominatur</strong></span> <span class='ocrx_word' id='word_1_212' title='bbox 434 3532 599 3634; x_wconf 77' lang='lat' dir='ltr'><strong>luseanum</strong></span> <span class='ocrx_word' id='word_1_213' title='bbox 633 3561 722 3655; x_wconf 92' lang='lat' dir='ltr'><strong>quod</strong></span> <span class='ocrx_word' id='word_1_214' title='bbox 746 3566 794 3627; x_wconf 88' lang='lat' dir='ltr'><strong>est</strong></span> <span class='ocrx_word' id='word_1_215' title='bbox 818 3557 853 3626; x_wconf 94' lang='lat' dir='ltr'><strong>in</strong></span> <span class='ocrx_word' id='word_1_216' title='bbox 874 3557 1009 3651; x_wconf 83' lang='lat' dir='ltr'><strong>longum</strong></span> <span class='ocrx_word' id='word_1_217' title='bbox 1047 3555 1148 3626; x_wconf 86' lang='lat' dir='ltr'><strong>divisa</strong></span> <span class='ocrx_word' id='word_1_218' title='bbox 1172 3564 1205 3624; x_wconf 93' lang='lat' dir='ltr'><strong>et</strong></span> <span class='ocrx_word' id='word_1_219' title='bbox 1229 3563 1277 3624; x_wconf 86' lang='lat' dir='ltr'><strong>est</strong></span> <span class='ocrx_word' id='word_1_220' title='bbox 1303 3556 1392 3622; x_wconf 92' lang='lat' dir='ltr'><strong>omni</strong></span> <span class='ocrx_word' id='word_1_221' title='bbox 1427 3562 1573 3646; x_wconf 88' lang='lat' dir='ltr'><strong>tempore</strong></span> <span class='ocrx_word' id='word_1_222' title='bbox 1598 3555 1639 3626; x_wconf 87' lang='lat' dir='ltr'><strong>ad</strong></span> 
     </span>
     <span class='ocr_line' id='line_1_23' title="bbox 219 3678 1636 3780; baseline -0.004 -22"><span class='ocrx_word' id='word_1_223' title='bbox 219 3686 331 3780; x_wconf 90' lang='lat' dir='ltr'><strong>equale</strong></span> <span class='ocrx_word' id='word_1_224' title='bbox 355 3709 504 3758; x_wconf 87' lang='lat' dir='ltr'><strong>mensura</strong></span> <span class='ocrx_word' id='word_1_225' title='bbox 525 3687 612 3756; x_wconf 92' lang='lat' dir='ltr'><strong>unde</strong></span> <span class='ocrx_word' id='word_1_226' title='bbox 634 3685 717 3754; x_wconf 93' lang='lat' dir='ltr'><strong>nibil</strong></span> <span class='ocrx_word' id='word_1_227' title='bbox 739 3683 833 3754; x_wconf 94' lang='lat' dir='ltr'><strong>nobis</strong></span> <span class='ocrx_word' id='word_1_228' title='bbox 857 3683 974 3752; x_wconf 88' lang='lat' dir='ltr'><strong>exinde</strong></span> <span class='ocrx_word' id='word_1_229' title='bbox 998 3681 1130 3775; x_wconf 80' lang='lat' dir='ltr'><strong>aliquod</strong></span> <span class='ocrx_word' id='word_1_230' title='bbox 1146 3678 1299 3750; x_wconf 89' lang='lat' dir='ltr'><strong>remansit</strong></span> <span class='ocrx_word' id='word_1_231' title='bbox 1315 3686 1371 3748; x_wconf 88' lang='lat' dir='ltr'><strong>aut</strong></span> <span class='ocrx_word' id='word_1_232' title='bbox 1388 3680 1636 3752; x_wconf 88' lang='lat' dir='ltr'><strong>reserbavimus:</strong></span> 
     </span>
     <span class='ocr_line' id='line_1_24' title="bbox 219 3808 1637 3908; baseline -0.006 -21"><span class='ocrx_word' id='word_1_233' title='bbox 219 3825 264 3888; x_wconf 78' lang='lat' dir='ltr'><strong>aet</strong></span> <span class='ocrx_word' id='word_1_234' title='bbox 279 3841 298 3886; x_wconf 87' lang='lat' dir='ltr'><strong>a</strong></span> <span class='ocrx_word' id='word_1_235' title='bbox 315 3814 455 3908; x_wconf 81' lang='lat' dir='ltr'><strong>presenti</strong></span> <span class='ocrx_word' id='word_1_236' title='bbox 479 3813 531 3882; x_wconf 91' lang='lat' dir='ltr'><strong>die</strong></span> <span class='ocrx_word' id='word_1_237' title='bbox 554 3826 586 3882; x_wconf 89' lang='lat' dir='ltr'><strong>et</strong></span> <span class='ocrx_word' id='word_1_238' title='bbox 610 3811 759 3901; x_wconf 85' lang='lat' dir='ltr'><strong>deinceps</strong></span> <span class='ocrx_word' id='word_1_239' title='bbox 784 3834 802 3879; x_wconf 89' lang='lat' dir='ltr'><strong>a</strong></span> <span class='ocrx_word' id='word_1_240' title='bbox 825 3808 919 3879; x_wconf 94' lang='lat' dir='ltr'><strong>nobis</strong></span> <span class='ocrx_word' id='word_1_241' title='bbox 934 3809 1027 3878; x_wconf 88' lang='lat' dir='ltr'><strong>vobis</strong></span> <span class='ocrx_word' id='word_1_242' title='bbox 1049 3809 1092 3878; x_wconf 91' lang='lat' dir='ltr'><strong>sit</strong></span> <span class='ocrx_word' id='word_1_243' title='bbox 1114 3808 1345 3879; x_wconf 85' lang='lat' dir='ltr'><strong>venumdatum</strong></span> <span class='ocrx_word' id='word_1_244' title='bbox 1368 3817 1402 3876; x_wconf 91' lang='lat' dir='ltr'><strong>et</strong></span> <span class='ocrx_word' id='word_1_245' title='bbox 1424 3809 1578 3879; x_wconf 89' lang='lat' dir='ltr'><strong>traditum</strong></span> <span class='ocrx_word' id='word_1_246' title='bbox 1602 3809 1637 3878; x_wconf 92' lang='lat' dir='ltr'><strong>in</strong></span> 
     </span>
     <span class='ocr_line' id='line_1_25' title="bbox 218 3929 1637 4028; baseline -0.003 -20"><span class='ocrx_word' id='word_1_247' title='bbox 218 3949 321 4008; x_wconf 80' lang='lat' dir='ltr'><strong>restra</strong></span> <span class='ocrx_word' id='word_1_248' title='bbox 344 3935 523 4028; x_wconf 84' lang='lat' dir='ltr'><strong>vestrisque</strong></span> <span class='ocrx_word' id='word_1_249' title='bbox 546 3931 719 4002; x_wconf 87' lang='lat' dir='ltr'><strong>heredibus</strong></span> <span class='ocrx_word' id='word_1_250' title='bbox 752 3929 793 4000; x_wconf 90' lang='lat' dir='ltr'><strong>sit</strong></span> <span class='ocrx_word' id='word_1_251' title='bbox 821 3938 977 4023; x_wconf 87' lang='lat' dir='ltr'><strong>potestate</strong></span> <span class='ocrx_word' id='word_1_252' title='bbox 1000 3929 1160 4024; x_wconf 92' lang='lat' dir='ltr'><strong>quidquid</strong></span> <span class='ocrx_word' id='word_1_253' title='bbox 1184 3929 1303 4001; x_wconf 90' lang='lat' dir='ltr'><strong>exinde</strong></span> <span class='ocrx_word' id='word_1_254' title='bbox 1335 3933 1440 4002; x_wconf 83' lang='lat' dir='ltr'><strong>faeere</strong></span> <span class='ocrx_word' id='word_1_255' title='bbox 1476 3933 1637 4004; x_wconf 79' lang='lat' dir='ltr'><strong>nolueritis</strong></span> 
     </span>
     <span class='ocr_line' id='line_1_26' title="bbox 218 4057 1633 4159; baseline -0.004 -23"><span class='ocrx_word' id='word_1_256' title='bbox 218 4076 249 4136; x_wconf 93' lang='lat' dir='ltr'><strong>et</strong></span> <span class='ocrx_word' id='word_1_257' title='bbox 270 4087 377 4159; x_wconf 89' lang='lat' dir='ltr'><strong>neque</strong></span> <span class='ocrx_word' id='word_1_258' title='bbox 400 4089 419 4134; x_wconf 88' lang='lat' dir='ltr'><strong>a</strong></span> <span class='ocrx_word' id='word_1_259' title='bbox 443 4060 535 4132; x_wconf 87' lang='lat' dir='ltr'><strong>nobis</strong></span> <span class='ocrx_word' id='word_1_260' title='bbox 557 4083 664 4154; x_wconf 91' lang='lat' dir='ltr'><strong>neque</strong></span> <span class='ocrx_word' id='word_1_261' title='bbox 686 4085 705 4128; x_wconf 87' lang='lat' dir='ltr'><strong>a</strong></span> <span class='ocrx_word' id='word_1_262' title='bbox 728 4057 846 4128; x_wconf 87' lang='lat' dir='ltr'><strong>nostris</strong></span> <span class='ocrx_word' id='word_1_263' title='bbox 869 4057 1043 4128; x_wconf 89' lang='lat' dir='ltr'><strong>heredibus</strong></span> <span class='ocrx_word' id='word_1_264' title='bbox 1067 4081 1126 4128; x_wconf 86' lang='lat' dir='ltr'><strong>neo</strong></span> <span class='ocrx_word' id='word_1_265' title='bbox 1143 4083 1161 4128; x_wconf 87' lang='lat' dir='ltr'><strong>a</strong></span> <span class='ocrx_word' id='word_1_266' title='bbox 1177 4058 1270 4128; x_wconf 89' lang='lat' dir='ltr'><strong>nobis</strong></span> <span class='ocrx_word' id='word_1_267' title='bbox 1287 4059 1432 4151; x_wconf 88' lang='lat' dir='ltr'><strong>personis</strong></span> <span class='ocrx_word' id='word_1_268' title='bbox 1455 4060 1633 4132; x_wconf 85' lang='lat' dir='ltr'><strong>summissis</strong></span> 
     </span>
     <span class='ocr_line' id='line_1_27' title="bbox 217 4180 1634 4282; baseline -0.006 -20"><span class='ocrx_word' id='word_1_269' title='bbox 217 4187 308 4262; x_wconf 85' lang='lat' dir='ltr'><strong>nullo</strong></span> <span class='ocrx_word' id='word_1_270' title='bbox 330 4196 475 4282; x_wconf 89' lang='lat' dir='ltr'><strong>tempore</strong></span> <span class='ocrx_word' id='word_1_271' title='bbox 497 4205 677 4277; x_wconf 90' lang='lat' dir='ltr'><strong>numquam</strong></span> <span class='ocrx_word' id='word_1_272' title='bbox 692 4205 772 4264; x_wconf 88' lang='lat' dir='ltr'><strong>vos,</strong></span> <span class='ocrx_word' id='word_1_273' title='bbox 789 4189 845 4250; x_wconf 85' lang='lat' dir='ltr'><strong>aut</strong></span> <span class='ocrx_word' id='word_1_274' title='bbox 860 4180 1033 4250; x_wconf 90' lang='lat' dir='ltr'><strong>heredibus</strong></span> <span class='ocrx_word' id='word_1_275' title='bbox 1048 4181 1164 4252; x_wconf 90' lang='lat' dir='ltr'><strong>vestris</strong></span> <span class='ocrx_word' id='word_1_276' title='bbox 1180 4183 1269 4277; x_wconf 92' lang='lat' dir='ltr'><strong>quod</strong></span> <span class='ocrx_word' id='word_1_277' title='bbox 1284 4181 1367 4252; x_wconf 73' lang='lat' dir='ltr'><strong>absit</strong></span> <span class='ocrx_word' id='word_1_278' title='bbox 1381 4182 1500 4252; x_wconf 83' lang='lat' dir='ltr'><strong>abeatis</strong></span> <span class='ocrx_word' id='word_1_279' title='bbox 1518 4182 1634 4254; x_wconf 89' lang='lat' dir='ltr'><strong>exinde</strong></span> 
     </span>
     <span class='ocr_line' id='line_1_28' title="bbox 217 4308 1632 4410; baseline -0.004 -24"><span class='ocrx_word' id='word_1_280' title='bbox 217 4335 421 4410; x_wconf 80' lang='lat' dir='ltr'><strong>quacumque</strong></span> <span class='ocrx_word' id='word_1_281' title='bbox 443 4312 650 4406; x_wconf 89' lang='lat' dir='ltr'><strong>requisitione</strong></span> <span class='ocrx_word' id='word_1_282' title='bbox 674 4317 730 4380; x_wconf 88' lang='lat' dir='ltr'><strong>aut</strong></span> <span class='ocrx_word' id='word_1_283' title='bbox 751 4308 895 4378; x_wconf 87' lang='lat' dir='ltr'><strong>molestia</strong></span> <span class='ocrx_word' id='word_1_284' title='bbox 919 4333 938 4378; x_wconf 87' lang='lat' dir='ltr'><strong>a</strong></span> <span class='ocrx_word' id='word_1_285' title='bbox 956 4330 1043 4377; x_wconf 89' lang='lat' dir='ltr'><strong>nune</strong></span> <span class='ocrx_word' id='word_1_286' title='bbox 1066 4316 1098 4378; x_wconf 93' lang='lat' dir='ltr'><strong>et</strong></span> <span class='ocrx_word' id='word_1_287' title='bbox 1120 4308 1155 4378; x_wconf 95' lang='lat' dir='ltr'><strong>in</strong></span> <span class='ocrx_word' id='word_1_288' title='bbox 1177 4309 1339 4402; x_wconf 88' lang='lat' dir='ltr'><strong>perpetuis</strong></span> <span class='ocrx_word' id='word_1_289' title='bbox 1363 4310 1561 4402; x_wconf 88' lang='lat' dir='ltr'><strong>temporibus</strong></span> <span class='ocrx_word' id='word_1_290' title='bbox 1579 4311 1632 4380; x_wconf 88' lang='lat' dir='ltr'><strong>in·</strong></span> 
     </span>
     <span class='ocr_line' id='line_1_29' title="bbox 218 4419 1632 4534; baseline -0.001 -26"><span class='ocrx_word' id='word_1_291' title='bbox 218 4461 313 4534; x_wconf 79' lang='lat' dir='ltr'><strong>super</strong></span> <span class='ocrx_word' id='word_1_292' title='bbox 337 4447 370 4509; x_wconf 92' lang='lat' dir='ltr'><strong>et</strong></span> <span class='ocrx_word' id='word_1_293' title='bbox 393 4436 433 4507; x_wconf 92' lang='lat' dir='ltr'><strong>ab</strong></span> <span class='ocrx_word' id='word_1_294' title='bbox 457 4436 546 4506; x_wconf 90' lang='lat' dir='ltr'><strong>omni</strong></span> <span class='ocrx_word' id='word_1_295' title='bbox 569 4435 677 4505; x_wconf 89' lang='lat' dir='ltr'><strong>omine</strong></span> <span class='ocrx_word' id='word_1_296' title='bbox 711 4419 865 4526; x_wconf 83' lang='lat' dir='ltr'><strong>omnique</strong></span> <span class='ocrx_word' id='word_1_297' title='bbox 896 4453 1032 4524; x_wconf 89' lang='lat' dir='ltr'><strong>persona</strong></span> <span class='ocrx_word' id='word_1_298' title='bbox 1056 4431 1145 4501; x_wconf 90' lang='lat' dir='ltr'><strong>omni</strong></span> <span class='ocrx_word' id='word_1_299' title='bbox 1179 4441 1325 4524; x_wconf 87' lang='lat' dir='ltr'><strong>tempore</strong></span> <span class='ocrx_word' id='word_1_300' title='bbox 1358 4455 1419 4504; x_wconf 92' lang='lat' dir='ltr'><strong>nos</strong></span> <span class='ocrx_word' id='word_1_301' title='bbox 1443 4443 1476 4504; x_wconf 90' lang='lat' dir='ltr'><strong>et</strong></span> <span class='ocrx_word' id='word_1_302' title='bbox 1499 4435 1632 4508; x_wconf 87' lang='lat' dir='ltr'><strong>heredes</strong></span> 
     </span>
     <span class='ocr_line' id='line_1_30' title="bbox 218 4557 1741 4656; baseline -0.004 -16"><span class='ocrx_word' id='word_1_303' title='bbox 218 4567 299 4640; x_wconf 86' lang='lat' dir='ltr'><strong>meis</strong></span> <span class='ocrx_word' id='word_1_304' title='bbox 320 4565 413 4637; x_wconf 88' lang='lat' dir='ltr'><strong>vobis</strong></span> <span class='ocrx_word' id='word_1_305' title='bbox 436 4563 614 4656; x_wconf 88' lang='lat' dir='ltr'><strong>vestrisque</strong></span> <span class='ocrx_word' id='word_1_306' title='bbox 637 4559 809 4632; x_wconf 89' lang='lat' dir='ltr'><strong>heredibus</strong></span> <span class='ocrx_word' id='word_1_307' title='bbox 832 4558 947 4628; x_wconf 88' lang='lat' dir='ltr'><strong>exinde</strong></span> <span class='ocrx_word' id='word_1_308' title='bbox 957 4559 999 4633; x_wconf 84' lang='lat' dir='ltr'><strong>in</strong></span> <span class='ocrx_word' id='word_1_309' title='bbox 1013 4557 1162 4629; x_wconf 91' lang='lat' dir='ltr'><strong>omnibus</strong></span> <span class='ocrx_word' id='word_1_310' title='bbox 1178 4565 1333 4629; x_wconf 88' lang='lat' dir='ltr'><strong>antestare</strong></span> <span class='ocrx_word' id='word_1_311' title='bbox 1350 4571 1382 4632; x_wconf 92' lang='lat' dir='ltr'><strong>et</strong></span> <span class='ocrx_word' id='word_1_312' title='bbox 1398 4563 1560 4634; x_wconf 82' lang='lat' dir='ltr'><strong>defensare</strong></span> <span class='ocrx_word' id='word_1_313' title='bbox 1575 4568 1635 4638; x_wconf 83' lang='lat' dir='ltr'><strong>de·</strong></span> <span class='ocrx_word' id='word_1_314' title='bbox 1735 4627 1741 4634; x_wconf 92' lang='lat'>.</span> 
     </span>
     <span class='ocr_line' id='line_1_31' title="bbox 220 4684 1633 4786; baseline -0.001 -21"><span class='ocrx_word' id='word_1_315' title='bbox 220 4695 374 4764; x_wconf 87' lang='lat' dir='ltr'><strong>beamus:</strong></span> <span class='ocrx_word' id='word_1_316' title='bbox 392 4699 524 4786; x_wconf 90' lang='lat' dir='ltr'><strong>propter</strong></span> <span class='ocrx_word' id='word_1_317' title='bbox 540 4689 628 4785; x_wconf 93' lang='lat' dir='ltr'><strong>quod</strong></span> <span class='ocrx_word' id='word_1_318' title='bbox 644 4685 824 4781; x_wconf 84' lang='lat' dir='ltr'><strong>accepimus</strong></span> <span class='ocrx_word' id='word_1_319' title='bbox 839 4710 856 4754; x_wconf 89' lang='lat' dir='ltr'><strong>a</strong></span> <span class='ocrx_word' id='word_1_320' title='bbox 873 4684 965 4755; x_wconf 91' lang='lat' dir='ltr'><strong>vobis</strong></span> <span class='ocrx_word' id='word_1_321' title='bbox 982 4685 1099 4757; x_wconf 80' lang='lat' dir='ltr'><strong>exinde</strong></span> <span class='ocrx_word' id='word_1_322' title='bbox 1115 4686 1149 4755; x_wconf 90' lang='lat' dir='ltr'><strong>in</strong></span> <span class='ocrx_word' id='word_1_323' title='bbox 1165 4686 1319 4780; x_wconf 89' lang='lat' dir='ltr'><strong>presentis</strong></span> <span class='ocrx_word' id='word_1_324' title='bbox 1334 4687 1416 4758; x_wconf 89' lang='lat' dir='ltr'><strong>idest</strong></span> <span class='ocrx_word' id='word_1_325' title='bbox 1431 4692 1504 4760; x_wconf 92' lang='lat' dir='ltr'><strong>auri</strong></span> <span class='ocrx_word' id='word_1_326' title='bbox 1515 4693 1633 4764; x_wconf 84' lang='lat' dir='ltr'><strong>solidos</strong></span> 
     </span>
     <span class='ocr_line' id='line_1_32' title="bbox 222 4809 1715 4913; baseline -0.004 -22"><span class='ocrx_word' id='word_1_327' title='bbox 222 4829 294 4890; x_wconf 85' lang='lat' dir='ltr'><strong>octo</strong></span> <span class='ocrx_word' id='word_1_328' title='bbox 315 4817 520 4913; x_wconf 80' lang='lat' dir='ltr'><strong>bythianteos</strong></span> <span class='ocrx_word' id='word_1_329' title='bbox 543 4815 624 4885; x_wconf 88' lang='lat' dir='ltr'><strong>sieut</strong></span> <span class='ocrx_word' id='word_1_330' title='bbox 645 4814 731 4887; x_wconf 90' lang='lat' dir='ltr'><strong>inter</strong></span> <span class='ocrx_word' id='word_1_331' title='bbox 752 4810 845 4881; x_wconf 88' lang='lat' dir='ltr'><strong>nobis</strong></span> <span class='ocrx_word' id='word_1_332' title='bbox 868 4809 1048 4880; x_wconf 84' lang='lat' dir='ltr'><strong>combenit:</strong></span> <span class='ocrx_word' id='word_1_333' title='bbox 1067 4821 1288 4883; x_wconf 84' lang='lat' dir='ltr'><strong>verumtamen</strong></span> <span class='ocrx_word' id='word_1_334' title='bbox 1305 4814 1521 4906; x_wconf 90' lang='lat' dir='ltr'><strong>promittimus</strong></span> <span class='ocrx_word' id='word_1_335' title='bbox 1537 4818 1630 4888; x_wconf 82' lang='lat' dir='ltr'><strong>vobis</strong></span> <span class='ocrx_word' id='word_1_336' title='bbox 1711 4876 1715 4885; x_wconf 93' lang='lat'><em>.</em></span> 
     </span>
     <span class='ocr_line' id='line_1_33' title="bbox 222 4919 1645 5028; baseline -0.001 -13"><span class='ocrx_word' id='word_1_337' title='bbox 222 4951 258 5015; x_wconf 87' lang='lat' dir='ltr'><strong>ut</strong></span> <span class='ocrx_word' id='word_1_338' title='bbox 280 4943 309 5016; x_wconf 85' lang='lat' dir='ltr'><strong>si</strong></span> <span class='ocrx_word' id='word_1_339' title='bbox 330 4965 390 5015; x_wconf 86' lang='lat' dir='ltr'><strong>vos</strong></span> <span class='ocrx_word' id='word_1_340' title='bbox 413 4950 469 5014; x_wconf 85' lang='lat' dir='ltr'><strong>aut</strong></span> <span class='ocrx_word' id='word_1_341' title='bbox 491 4919 661 5012; x_wconf 89' lang='lat' dir='ltr'><strong>heredibus</strong></span> <span class='ocrx_word' id='word_1_342' title='bbox 683 4935 797 5010; x_wconf 89' lang='lat' dir='ltr'><strong>vestris</strong></span> <span class='ocrx_word' id='word_1_343' title='bbox 821 4933 935 5028; x_wconf 78' lang='lat' dir='ltr'><strong>gradus</strong></span> <span class='ocrx_word' id='word_1_344' title='bbox 956 4934 1061 5006; x_wconf 83' lang='lat' dir='ltr'><strong>iacere</strong></span> <span class='ocrx_word' id='word_1_345' title='bbox 1084 4933 1250 5008; x_wconf 87' lang='lat' dir='ltr'><strong>volueritis</strong></span> <span class='ocrx_word' id='word_1_346' title='bbox 1281 4935 1443 5010; x_wconf 86' lang='lat' dir='ltr'><strong>licentiam</strong></span> <span class='ocrx_word' id='word_1_347' title='bbox 1469 4939 1589 5014; x_wconf 87' lang='lat' dir='ltr'><strong>abeatis</strong></span> <span class='ocrx_word' id='word_1_348' title='bbox 1613 4959 1645 5014; x_wconf 75' lang='grc' dir='ltr'><strong>ι’</strong></span> 
     </span>
    </p>
   </div>
   <div class='ocr_carea' id='block_1_3' title="bbox 0 0 2442 6532">
    <p class='ocr_par' dir='ltr' id='par_1_4' title="bbox 0 0 2442 6532">
     <span class='ocr_line' id='line_1_34' title="bbox 0 0 2442 6532; baseline 0 2"><span class='ocrx_word' id='word_1_349' title='bbox 0 0 2442 6532; x_wconf 95' lang='lat' dir='ltr'><strong> </strong></span> 
     </span>
    </p>
   </div>
  </div>
 </body>
</html>
