4876 6532
1337 673 1339 678 .
1423 603 1542 702 (es)

773 767 958 838 nominatur
994 767 1150 841 marinaci
1181 769 1295 842 mbtus
1327 767 1465 842 laudum
1497 767 1599 840 naeu
1630 767 1745 842 iuliani
1774 764 1913 839 babmte
1937 727 2070 844 siduno
2093 769 2195 846 latere
2352 863 2357 876 Ι

772 901 858 962 terra
881 888 1068 962 hominibus
1091 892 1132 964 de
1154 893 1344 986 pontianum
1366 900 1400 964 et
1421 891 1554 980 abalio
1581 890 1682 964 latere
1703 899 1806 964 terras
1836 889 1878 962 de
1901 889 1973 983 ipso
1997 888 2070 962 loro
2093 913 2192 962 amu-

771 1016 896 1088 liauum
918 1026 952 1086 et
974 1016 1015 1086 de
1038 1037 1105 1086 uno
1128 1015 1231 1108 capite
1263 1030 1348 1087 terra
1381 1015 1482 1108 ipsius
1512 1013 1612 1088 saneti
1635 1013 1748 1086 iuliani
1771 1020 1805 1084 et
1827 1013 1868 1085 de
1892 1011 1957 1086 alio
1981 1015 2085 1109 eapite
2109 1024 2195 1086 terra

772 1121 934 1214 ominibus
957 1145 997 1215 de
1021 1141 1228 1236 pointiauumr
1253 1142 1428 1236 septimum
1450 1163 1601 1235 eampum
1623 1141 1683 1236 qui
1705 1138 1891 1212 nominatur
1914 1151 1948 1210 at
1961 1140 2065 1213 easale
2081 1140 2194 1214 abente

771 1269 813 1339 ab
835 1291 901 1340 uuo
925 1267 1023 1340 latere
1046 1279 1131 1342 terra
1155 1269 1256 1340 saneti
1279 1269 1392 1340 iuliani
1426 1279 1460 1340 et
1491 1267 1532 1338 ab
1562 1264 1630 1337 alio
1662 1265 1760 1338 latere
1788 1273 1875 1336 terra
1905 1265 1974 1338 resi
1997 1265 2136 1360 perqulti
2159 1277 2193 1338 et

771 1397 811 1468 de
835 1419 901 1469 uno
925 1399 1027 1490 capite
1050 1405 1136 1468 terra
1159 1395 1228 1489 lupi
1251 1393 1363 1465 militis
1386 1404 1418 1465 et
1448 1393 1489 1462 ab
1519 1393 1584 1464 alio
1611 1393 1714 1486 eapite
1741 1412 1893 1484 ermpum
1925 1390 1983 1486 qui
2008 1391 2195 1464 muniuntur

770 1531 803 1592 at
827 1521 928 1592 olibas
950 1518 1046 1590 sicuti
1068 1519 1154 1589 inter
1176 1541 1211 1590 re
1234 1519 1370 1590 fossatus
1395 1517 1539 1590 extuat:
1573 1516 1724 1590 mahom
1752 1537 1902 1610 eampum
1925 1517 1984 1613 qui
2006 1516 2193 1590 remmon

769 1647 958 1720 manum
982 1645 1095 1718 abente
1118 1645 1159 1716 ab
1183 1669 1250 1720 uno
1272 1646 1372 1718 latere
1394 1655 1480 1718 terra
1503 1644 1604 1718 murti
1620 1643 1773 1718 binoentii
1788 1651 1822 1716 et
1837 1642 1879 1714 ah
1897 1643 1960 1714 alio
1982 1644 2082 1717 latere
2105 1653 2194 1716 terre

768 1781 874 1850 sancte
897 1771 1097 1863 neapolitana
1130 1771 1263 1846 ecelesia
1298 1781 1332 1845 et
1360 1772 1401 1842 ab
1430 1793 1497 1844 uno
1520 1773 1700 1867 capiterio
1723 1769 1850 1864 publiea
1879 1781 1912 1842 et
1934 1771 1976 1840 ab
1998 1769 2062 1842 alio
2086 1770 2194 1864 eapite

767 1915 918 1986 campora
940 1893 980 1964 de
1004 1895 1257 1967 butrunianum:
1283 1919 1343 1968 nea
1365 1903 1473 1968 autem
1494 1894 1674 1966 nominatas
1697 1913 1863 1986 camporas
1878 1892 2016 1986 qualiter
2040 1893 2190 1984 superius

767 2016 884 2107 legitur
916 2035 981 2110 qne
1003 2017 1150 2110 superius
1173 2041 1232 2112 per
1254 2018 1433 2090 nominatas
1467 2017 1670 2090 ooherentias
1700 2015 1966 2108 exegregavimus
1988 2014 2126 2108 pertinet
2149 2017 2190 2086 de

766 2143 832 2234 ipsa
856 2144 993 2216 fundora
1016 2153 1125 2216 nostra
1148 2145 1188 2218 de
1211 2146 1410 2217 amulianum
1425 2147 1513 2220 unde
1532 2145 1613 2216 mihi
1628 2145 1767 2238 pertinet
1781 2143 1950 2216 medietate
1966 2163 2026 2236 pro
2041 2141 2186 2235 partibus

768 2268 1040 2362 lungubardorum
1063 2279 1096 2342 et
1119 2269 1179 2340 tibi
1200 2269 1348 2342 similiter
1363 2271 1534 2344 medietate
1548 2295 1568 2342 a
1582 2269 1727 2364 partibus
1749 2279 1855 2341 vestre
1870 2268 1984 2340 militie
2007 2267 2188 2362 neapolita-

765 2413 883 2464 norum
905 2414 966 2485 pro
988 2392 1061 2462 viee
1084 2393 1248 2486 quondam
1270 2391 1427 2464 nominati
1441 2391 1563 2466 domini
1578 2391 1720 2485 campuli
1737 2390 1842 2462 soceri
1864 2391 1937 2460 tui:
1962 2399 1996 2460 et
2012 2385 2189 2464 debeamus

767 2518 852 2612 ipsas
875 2538 1041 2612 camporas
1076 2516 1214 2612 qualiter
1244 2515 1393 2610 superios
1417 2513 1537 2608 legitur
1569 2513 1714 2584 dividere
1737 2512 1822 2584 inter
1844 2511 1937 2582 uobis
1960 2511 1995 2580 in
2017 2514 2191 2583 secundam

765 2650 856 2738 parte
887 2664 945 2736 per
976 2639 1133 2736 equaliter
1164 2649 1203 2710 tu
1230 2648 1266 2710 et
1285 2637 1459 2710 heredibus
1494 2636 1559 2706 tuis
1582 2635 1695 2706 tollere
1719 2643 1752 2706 et
1775 2636 1884 2708 lehara
1908 2633 2049 2708 debeatis
2073 2637 2191 2708 exinde

764 2767 969 2842 medietatem
991 2791 1053 2862 pro
1075 2765 1221 2862 partibus
1244 2777 1351 2840 vestre
1382 2765 1498 2838 militie
1520 2773 1554 2838 et
1583 2787 1646 2858 ego
1675 2775 1709 2836 et
1731 2762 1902 2836 heredibus
1935 2763 2017 2834 meis
2043 2762 2191 2834 simililer

765 2893 936 2964 medietate
959 2916 1020 2986 pro
1042 2891 1186 2986 partibus
1209 2902 1318 2964 nostre
1342 2889 1623 2986 langubardorum
1647 2901 1680 2960 et
1695 2888 1763 2982 ipsa
1779 2895 1865 2958 sorte
1879 2897 1936 2957 tua
1950 2887 2009 2983 qui
2026 2899 2058 2961 te
2073 2889 2189 2960 exinde

765 3017 871 3109 tetigit
887 3019 976 3110 quod
991 3027 1040 3088 est
1055 3019 1225 3090 medietate
1241 3021 1281 3090 de
1296 3020 1476 3092 nominatas
1491 3039 1604 3092 omnes
1617 3038 1784 3112 camporas
1798 3023 1923 3086 nostras
1938 3015 1972 3086 in
1988 3025 2043 3086 tua
2060 3015 2188 3110 tuisque

765 3141 938 3214 heredibus
954 3142 995 3214 sit
1009 3151 1165 3236 potestate
1185 3143 1344 3238 quidquid
1363 3145 1479 3216 exinde
1502 3145 1607 3214 faeere
1629 3140 1796 3212 volueritis
1819 3149 1855 3214 et
1878 3163 1984 3238 nequa
2008 3166 2027 3212 a
2050 3164 2103 3216 me
2126 3165 2189 3213 ne-

763 3286 828 3360 que
852 3291 871 3334 a
893 3267 974 3336 meis
997 3265 1169 3338 heredibus
1193 3289 1252 3336 nec
1276 3291 1295 3334 a
1319 3266 1411 3336 nohis
1438 3267 1582 3360 personis
1605 3265 1783 3338 summissis
1814 3265 1904 3337 nullo
1928 3276 2073 3361 tempore
2097 3289 2188 3338 nun-

762 3413 862 3488 quam
887 3391 1005 3462 exinde
1030 3390 1149 3462 abeatis
1172 3414 1378 3487 quaemque
1393 3391 1602 3488 requisitione
1625 3399 1681 3460 aut
1703 3391 1847 3462 molestia
1871 3413 1992 3462 arruns
2008 3401 2041 3462 et
2055 3391 2090 3460 iu
2104 3413 2187 3484 per-

765 3513 871 3606 petuis
894 3513 1118 3608 temporibus:
1154 3526 1365 3586 veruntamen
1394 3515 1481 3586 stetit
1510 3517 1594 3586 inter
1617 3514 1710 3586 nobis
1732 3524 1770 3586 ut
1793 3517 1833 3588 de
1856 3525 1991 3612 quantas
2014 3527 2114 3586 terras
2147 3517 2187 3586 de

764 3642 835 3736 ipso
867 3641 942 3710 loeo
963 3640 1163 3714 amulianum
1193 3664 1255 3734 ego
1284 3644 1466 3716 nommetus
1489 3643 1560 3736 gari
1594 3644 1979 3716 sensimsensrm
2003 3655 2129 3716 tautum
2152 3655 2185 3716 et

763 3767 825 3840 tale
848 3777 884 3838 tu
907 3777 940 3838 et
962 3765 1134 3840 heredibus
1156 3769 1222 3839 tuis
1244 3767 1353 3842 lebare
1375 3769 1516 3842 debeatis
1549 3775 1581 3837 at
1614 3770 1719 3840 ricem
1748 3771 1787 3842 de
1810 3771 1880 3863 ipsa
1902 3792 2054 3864 campora
2077 3779 2186 3842 nostra
2321 3789 2328 3802 ·

765 3901 797 3964 et
820 3894 855 3966 in
877 3902 934 3963 tua
951 3893 1079 3986 tuisque
1102 3889 1274 3964 heredibus
1298 3893 1339 3963 sit
1362 3901 1517 3986 potestate
1540 3893 1699 3988 quidquid
1722 3894 1839 3966 exinde
1863 3897 1968 3968 lenem
1992 3895 2180 3966 volueritis:

762 4017 839 4110 quia
862 4013 906 4086 ita
923 4013 1016 4084 uobis
1029 4014 1144 4086 stetit:
1167 4015 1196 4086 si
1219 4025 1327 4085 autem
1349 4015 1441 4088 aliter
1464 4014 1635 4086 fecerimus
1656 4017 1695 4090 de
1711 4016 1762 4086 his
1778 4018 1928 4092 omuibus
1941 4019 2114 4090 nominatis
2128 4041 2186 4112 per

766 4139 885 4234 quovis
907 4137 1042 4206 modum
1070 4145 1126 4204 out
1148 4137 1324 4206 summissis
1346 4138 1492 4230 personis
1514 4149 1592 4208 tuno
1614 4151 1786 4232 componat
1809 4163 1885 4233 pars
1906 4141 2042 4216 infidelis
2065 4158 2098 4216 et
2119 4145 2185 4214 suis

763 4261 934 4336 heredibus
949 4287 967 4332 a
986 4273 1111 4356 partem
1134 4263 1232 4334 fidem
1246 4263 1386 4336 sorbenti
1401 4265 1536 4358 eiusque
1552 4264 1725 4338 heredibus
1740 4269 1810 4338 auri
1824 4269 1906 4340 libra
1922 4295 1986 4342 una
2001 4269 2185 4366 bythiantea

766 4399 798 4458 et
821 4385 882 4464 hec
906 4383 1050 4458 chartula
1074 4393 1111 4456 ut
1134 4409 1232 4480 super
1255 4387 1374 4480 legitur
1396 4386 1437 4457 sit
1462 4387 1552 4460 firma
1577 4389 1695 4484 scripta
1718 4413 1777 4485 per
1800 4415 1933 4466 manum
1956 4394 2105 4466 iohannis
2121 4417 2187 4466 eu-

768 4511 854 4584 rialis
881 4534 941 4606 per
963 4513 1126 4582 nominata
1148 4512 1254 4608 prima
1277 4511 1451 4584 indictione
1473 4507 1504 4604 †

709 4677 715 4688 ·
860 4638 922 4710 hoe
949 4637 1079 4731 signum
1102 4633 1133 4730 †
1156 4658 1269 4710 manus
1292 4636 1451 4742 nominati
1483 4639 1554 4730 geri
1587 4641 1775 4718 exerehitali
1801 4643 2077 4739 langubardorum
2099 4643 2189 4736 qnod

772 4783 834 4856 eqo
856 4762 915 4858 qui
939 4760 1123 4833 nominatos
1145 4783 1206 4856 pro
1230 4783 1306 4833 eum
1329 4760 1502 4854 subscripsi
1522 4780 1553 4858 γ

799 4897 801 4902 ’
863 4886 981 4982 †eqo
1001 4888 1142 4957 stelenus
1166 4886 1251 4959 lilius
1276 4888 1399 4960 domini
1424 4890 1580 4964 theodosii
1615 4890 1736 4962 tribuni
1767 4903 1900 4985 rogatus
1924 4918 1943 4964 a
1965 4895 2186 4992 suprascripto

768 5013 840 5110 gari
864 5015 934 5088 testi
958 5005 1129 5108 subscripsi
1157 5009 1187 5104 †
