4876 6532
367 1173 459 1268 †ln
480 1171 614 1242 nomine
638 1167 763 1242 domiui
786 1168 840 1242 dei
863 1167 1033 1242 solvetoris
1055 1168 1160 1240 nostri
1174 1167 1280 1241 ihesu
1302 1167 1425 1240 Christi
1440 1170 1622 1266 imperante
1637 1181 1700 1253 ‹10-
1765 1193 1821 1240 au.

276 1302 366 1376 mino
394 1314 505 1373 noetm
528 1299 710 1372 muitum-a
732 1301 794 1372 deo
817 1307 971 1370 coronato
993 1317 1112 1390 magno
1134 1297 1331 1391 Imperatore
1360 1319 1446 1369 anno
1477 1307 1618 1378 secundo
1643 1305 1695 1381 die
1750 1303 1834 1364 965.

278 1424 389 1500 oeteba
411 1425 530 1500 mensis
552 1425 652 1520 magii
674 1423 850 1498 indictione
872 1421 983 1494 oeteba
1005 1421 1155 1516 neapoli:
1181 1421 1313 1495 Certum
1335 1429 1384 1494 est
1406 1445 1466 1496 nos
1482 1423 1638 1502 iohannes
1662 1443 1694 1504 et

275 1559 402 1632 murino
425 1583 484 1632 seu
507 1557 639 1630 eufimie
662 1555 822 1652 germanis
846 1547 919 1626 filiis
935 1550 1099 1648 quondam
1116 1549 1247 1622 abraam
1271 1549 1443 1625 abitatores
1457 1554 1492 1626 in
1508 1557 1616 1630 mima
1635 1583 1698 1656 ego

274 1693 471 1756 memoratus
494 1681 649 1756 iohannes
672 1701 749 1754 euru
771 1701 929 1752 contemti
952 1699 1037 1752 eune
1059 1673 1199 1770 coniuge
1223 1695 1295 1746 mea
1318 1697 1381 1770 ego
1399 1691 1595 1754 memoratus
1618 1707 1696 1756 mu·

276 1807 366 1880 rinus
391 1829 468 1880 cum
490 1779 648 1878 consemo
678 1806 830 1900 gregorie
856 1803 995 1899 coniuge
1022 1825 1095 1876 mea
1117 1811 1152 1876 et
1172 1819 1236 1897 ego
1263 1813 1442 1876 memorata
1464 1805 1594 1878 eufimia
1619 1831 1694 1883 oum

276 1955 433 2007 consensu
456 1933 539 2028 petri
561 1933 624 2005 viri
640 1933 752 2006 meiA
778 1933 918 2028 presenti
941 1931 994 2004 di'e
1016 1929 1234 2026 promtissima
1257 1929 1421 2004 voluntate
1437 1933 1693 2010 venundedimus

275 2070 309 2132 et
332 2061 522 2136 tradidimus
545 2061 638 2133 robis
662 2059 813 2156 gregorio
842 2059 977 2132 ferrario
1000 2057 1068 2130 filio
1095 2056 1229 2154 quidem
1250 2055 1338 2130 leoni
1360 2059 1487 2132 ferrarii
1510 2071 1543 2134 et
1566 2059 1692 2133 sollerte

211 2209 217 2218 ·
274 2184 421 2281 iugales:
449 2187 535 2258 ldest
558 2186 721 2280 integrum
745 2185 977 2258 funduccoium
1008 2193 1155 2256 nostrum
1182 2184 1324 2279 positum
1352 2186 1388 2258 in
1411 2197 1591 2260 memorato
1623 2188 1696 2260 loco

274 2313 381 2386 miens
412 2335 478 2386 una
512 2335 588 2385 cum
624 2311 792 2386 arboribus
826 2313 1000 2384 fructiferis
1035 2334 1201 2409 quamque
1235 2333 1311 2386 cum
1337 2313 1505 2386 introitum
1535 2337 1631 2386 suurn
1662 2325 1695 2388 et

275 2437 424 2512 omme
445 2419 783 2532 sivi'pertinenubus:
809 2445 843 2510 e
864 2437 996 2508 sonere
1030 2437 1091 2509 evi
1115 2439 1155 2512 sa
1180 2461 1244 2514 una
1269 2448 1360 2532 pue
1397 2441 1535 2514 rusum
1558 2439 1691 2513 nese

275 2569 405 2642 domina
429 2566 568 2642 rotunde
591 2576 624 2640 et
647 2565 832 2639 extenditur
854 2565 895 2636 de
918 2565 1120 2660 longitudine
1152 2569 1236 2662 passi
1261 2569 1372 2643 decem
1395 2580 1428 2643 et
1451 2570 1492 2642 de
1515 2569 1579 2640 alie
1602 2579 1692 2664 parte

274 2700 405 2772 coiceret
435 2697 628 2771 terrebere
656 2695 785 2792 publica
810 2705 843 2768 et
866 2695 1049 2768 extenditur
1081 2695 1200 2768 ibidem
1234 2698 1381 2774 similiter
1415 2699 1499 2794 passi
1527 2697 1694 2770 deremet

274 2823 315 2896 de
337 2845 405 2895 uno
428 2822 531 2916 eapite
563 2821 694 2894 coheret
725 2821 862 2892 iundum
886 2821 927 2892 de
950 2819 1083 2896 heredes
1107 2823 1147 2894 de
1171 2821 1313 2894 militum
1336 2834 1370 2894 ct
1392 2823 1576 2895 extenditur
1610 2823 1696 2917 pessi

273 2958 427 3044 quattuor
450 2959 483 3020 et
506 2947 655 3042 gobitum
677 2969 782 3018 unum
805 2947 846 3018 de
869 2944 1059 3018 latitudine:
1096 2953 1129 3018 ct
1152 2949 1192 3020 de
1216 2948 1280 3018 alio
1303 2949 1408 3042 capite
1443 2948 1575 3019 coheret
1606 2959 1691 3020 terre

273 3075 407 3148 heredes
430 3076 553 3148 domini
578 3057 723 3148 anastesii
747 3076 788 3146 de
811 3075 932 3168 atrogie
956 3082 989 3146 et
1012 3075 1197 3148 extenditur
1220 3073 1303 3169 passi
1320 3083 1474 3170 quattuor
1497 3085 1530 3146 et
1545 3074 1695 3168 gubitum

274 3193 432 3270 unumst
455 3199 599 3294 palmum
624 3221 727 3272 unum
751 3201 920 3270 memorati
945 3220 1024 3271 vero
1048 3200 1132 3292 pessi
1156 3211 1188 3272 et
1213 3200 1385 3272 memorati
1415 3199 1541 3296 gubitos
1565 3211 1597 3272 et
1619 3200 1695 3293 pai·-

272 3347 364 3397 mum
387 3325 562 3400 mumurati
584 3334 660 3398 sunt
682 3335 716 3396 at
738 3347 867 3419 pessum
890 3327 1032 3396 ferreum
1055 3337 1087 3397 et
1109 3325 1258 3418 guvitum
1283 3338 1316 3397 et
1339 3329 1481 3420 palmum
1505 3339 1539 3398 at
1561 3352 1695 3402 manum

274 3457 390 3530 iustam
413 3456 499 3528 unde
522 3453 604 3526 nibil
625 3457 718 3528 nobis
741 3456 858 3528 exinde
881 3455 1013 3550 aliquod
1036 3455 1189 3527 remansit
1211 3465 1267 3527 aut
1289 3456 1548 3528 reserbavimus:
1573 3469 1622 3530 set
1654 3485 1695 3532 ar

271 3582 404 3655 odierna
418 3582 471 3655 die
486 3591 519 3654 et
535 3580 683 3677 deinceps
705 3580 766 3653 bec
789 3579 939 3652 omnibm
962 3580 1148 3652 memoratis
1171 3590 1330 3676 quatenus
1354 3579 1445 3654 vebis
1460 3581 1531 3654 illos
1546 3606 1605 3676 per
1619 3609 1695 3658 me·
1807 3575 1809 3582 ’

274 3718 412 3781 moratos
434 3708 631 3782 coherenties
654 3719 688 3780 et
701 3731 761 3803 per
784 3709 954 3784 memorati
971 3709 1055 3802 passi
1070 3708 1304 3780 insinuavimus
1320 3708 1402 3779 sicut
1417 3711 1564 3804 superius
1578 3711 1696 3806 legitur

273 3834 401 3908 anobis
415 3831 508 3905 bobis
530 3833 572 3904 sit
594 3835 814 3906 venundatum
837 3845 870 3906 et
892 3833 1045 3906 traditum
1061 3835 1212 3904 investra
1236 3833 1414 3928 vestrisque
1437 3833 1609 3906 heredibus
1631 3837 1697 3910 sint
1800 3885 1809 3902 .

273 3967 426 4052 potestate
450 3957 611 4054 quidquid
634 3958 750 4031 exinde
765 3961 871 4030 facere
888 3957 1054 4030 volueritis
1067 3957 1336 4030 liberam-abeatis
1347 3967 1524 4053 potestates
1541 3970 1577 4031 et
1589 3983 1695 4056 neque

275 4107 293 4152 a
316 4082 409 4156 uobis
431 4105 537 4176 neque
561 4107 581 4154 a
604 4081 720 4153 nostris
745 4081 918 4154 heredibus
934 4083 984 4154 rel
1000 4107 1019 4152 a
1034 4083 1128 4154 nobis
1151 4085 1296 4177 personis
1311 4083 1487 4156 summissis
1502 4085 1593 4158 nulfo
1606 4095 1696 4160 tem-

275 4234 353 4306 poro
378 4233 556 4306 numquam
579 4234 638 4284 ros
662 4222 718 4282 aut
740 4212 875 4284 heredes
898 4211 1013 4284 vestris
1036 4212 1125 4307 quod
1150 4213 1231 4284 absit
1254 4212 1373 4286 abeatis
1403 4214 1519 4288 exinde
1547 4216 1694 4311 requisi-

274 4339 361 4412 tione
384 4361 441 4434 per
464 4338 589 4410 nubum
612 4339 747 4410 modum
771 4337 806 4408 in
829 4349 1043 4432 perpetuom:
1069 4341 1205 4434 Insuper
1228 4341 1485 4442 omnitempore
1509 4365 1568 4414 nos
1584 4343 1694 4416 etbe-

273 4467 364 4538 redes
386 4465 504 4536 nostris
526 4463 644 4536 exinde
668 4463 708 4534 ab
732 4463 823 4534 omui
845 4464 978 4544 bomine
1002 4465 1157 4558 omnique
1171 4487 1309 4558 persono
1332 4465 1425 4536 vobis
1438 4467 1616 4562 vestesque
1634 4471 1695 4544 he·

279 4593 408 4666 redibur
432 4595 467 4664 in
488 4595 640 4666 omnibus
665 4605 821 4666 antestare
845 4605 878 4666 et
893 4596 1056 4666 defensare
1069 4592 1242 4664 debeamus
1257 4601 1391 4685 propter
1407 4595 1495 4687 quod
1512 4598 1694 4690 accepimus

279 4744 298 4790 a
323 4734 355 4793 te
379 4721 461 4792 idest
484 4723 555 4792 auri
578 4722 640 4793 tari
665 4731 740 4792 octo
763 4730 795 4793 et
818 4719 962 4792 medium
985 4729 1023 4790 ut
1046 4719 1130 4790 inter
1152 4715 1245 4788 nobis
1262 4718 1441 4792 combeuit:
1461 4723 1497 4792 Si
1512 4733 1622 4795 autem
1637 4749 1695 4798 nus

135 4929 136 4933 Ἰ
277 4857 331 4918 aut
354 4846 488 4918 heredes
511 4845 627 4916 nostris
651 4846 744 4918 aliter
765 4840 946 4918 fecerimus
960 4847 1001 4918 de
1025 4846 1076 4918 bis
1106 4847 1256 4919 omnibus
1289 4851 1474 4921 memoratis
1497 4861 1575 4923 tunc
1599 4875 1695 4922 cem-

276 4971 423 5064 ponimus
447 4971 540 5044 tobis
564 4973 742 5068 vestrisque
766 4971 941 5046 heredibus
964 4973 1036 5046 auri
1059 4972 1178 5046 solidos
1202 4974 1314 5046 decem
1337 4974 1551 5070 bytbianteos.
1577 4987 1609 5048 et
1633 4976 1694 5050 hec
