4876 6532
1407 700 1552 796 (ars)

1395 883 1399 907 Ι
1434 955 1517 1032 clu.

630 1271 684 1316 an,
857 1217 887 1314 †
911 1222 948 1294 ln
969 1219 1104 1294 nominc
1128 1220 1252 1294 domini
1275 1219 1328 1291 dei
1350 1219 1519 1290 salvatoris
1541 1215 1645 1290 nostri
1669 1217 1771 1290 ihesu.
1787 1215 1908 1290 Christi
1926 1217 2108 1313 imperante
2123 1222 2188 1294 do·

617 1379 702 1443 963,
763 1347 853 1421 mino
877 1357 989 1420 nostro
1012 1369 1147 1420 romano
1170 1369 1290 1438 magno
1313 1346 1510 1437 Imperatore
1533 1367 1618 1417 anno
1643 1343 1759 1420 octale
1776 1345 1925 1418 decimo:
1953 1349 2009 1420 sed
2026 1357 2060 1420 et
2074 1348 2186 1422 besilio

761 1499 882 1570 magno
905 1476 1099 1566 imperatore
1123 1470 1193 1542 eius
1215 1471 1283 1548 filio
1308 1487 1394 1542 anuo
1418 1469 1539 1541 tertio:
1567 1469 1619 1542 die
1643 1471 1925 1544 vicesimaoeuua
1940 1474 2060 1546 mensis
2075 1477 2184 1570 aprilis

761 1600 935 1673 indictione
959 1603 1049 1665 sexta
1074 1593 1225 1686 neapoli:
1252 1595 1384 1667 Certum
1407 1605 1457 1668 est
1479 1618 1538 1668 nos
1562 1597 1736 1671 iohannem
1759 1607 1792 1669 et
1814 1598 1967 1693 stephano
1985 1623 2042 1672 seu
2066 1601 2181 1674 basilio
2272 1641 2284 1649 -

761 1748 800 1798 oe
824 1729 872 1812 est
895 1718 1029 1790 uterinis
1053 1718 1214 1811 germanis
1237 1717 1311 1793 filiis
1340 1721 1505 1816 quondam
1538 1721 1665 1796 maroni
1697 1719 1928 1792 habitantibus
1951 1722 1986 1793 iu
2010 1722 2179 1816 putheoli:

659 1863 664 1868 ’
763 1855 792 1921 d
817 1847 957 1943 presenti
982 1846 1035 1917 die
1059 1846 1276 1939 promittimus
1300 1847 1368 1952 tivi
1385 1849 1518 1922 domiuo
1542 1847 1676 1922 iohanni
1699 1849 1954 1944 titioquondam
1978 1847 2100 1955 domini
2117 1849 2183 1920 do-

758 1975 854 2048 menii
876 1983 1010 2067 propter
1033 1975 1123 2067 quod
1147 1984 1183 2046 tu
1206 1985 1387 2051 memorato
1410 1979 1543 2052 domino
1567 1977 1706 2050 iohanne
1738 1977 1926 2051 vendidistis
1948 1991 1982 2048 at
2003 1987 2181 2050 memorato

758 2103 904 2198 genitore
927 2111 1039 2175 nostro
1063 2101 1145 2173 idest
1166 2103 1291 2197 integra
1315 2129 1380 2176 una
1403 2115 1490 2178 terra
1521 2107 1579 2202 qui
1610 2107 1795 2180 nominatur
1822 2117 1856 2178 at
1877 2109 2008 2202 hagellu
2041 2119 2072 2181 et
2095 2132 2181 2180 uno·
2323 2151 2327 2162 =

758 2232 868 2304 dicum
893 2231 932 2304 de
957 2229 1018 2299 alia
1043 2239 1128 2300 terra
1152 2229 1211 2324 qui
1234 2217 1462 2308 nominatum}
1478 2279 1485 2298 .
1502 2279 1511 2302 .
1526 2283 1534 2300 .
1622 2251 1655 2304 ’..
1681 2233 1739 2325 qui
1762 2232 1825 2304 luit
1848 2234 1888 2304 de
1912 2241 2057 2304 sanctum
2071 2233 2183 2304 canicu

757 2357 924 2428 territorio
947 2357 1145 2452 putheolano
1160 2381 1218 2451 per
1238 2358 1418 2430 chartulam
1434 2359 1683 2454 comparationis
1706 2359 1901 2430 membranis
1916 2345 2068 2454 scriptam
2083 2381 2183 2454 quern

759 2508 817 2556 nos
840 2483 974 2557 abemus
998 2495 1030 2558 et
1053 2487 1172 2560 seciam
1196 2497 1231 2558 tu
1254 2496 1288 2558 at
1312 2499 1492 2562 nummata
1513 2488 1659 2582 genitore
1682 2497 1793 2560 nostro
1816 2512 1874 2582 per
1888 2496 2066 2559 memorata
2082 2487 2183 2559 cbar-

758 2613 825 2683 tula
851 2623 1008 2686 antestare
1032 2623 1065 2686 et
1089 2617 1253 2688 defensare
1276 2617 1443 2710 quomodo
1466 2625 1644 2686 memorata
1674 2615 1820 2688 chartula
1841 2618 2014 2688 continet:
2049 2628 2083 2689 et
2106 2619 2183 2711 quia

756 2765 824 2814 nou
848 2743 997 2835 potuistis
1020 2742 1114 2814 nobis
1135 2753 1330 2818 memoratas
1352 2753 1454 2818 terras
1483 2753 1639 2818 antestare
1668 2753 1702 2816 et
1725 2745 1888 2818 Mature
1913 2736 2083 2840 ¹quomodo
2108 2769 2183 2818 me-

757 2879 885 2940 morata
908 2867 1053 2944 chartula
1078 2880 1187 2942 nostra
1202 2873 1345 2942 continet
1359 2895 1458 2966 quam
1474 2881 1510 2944 tu
1531 2879 1563 2942 at
1578 2879 1756 2942 memorate
1773 2872 1918 2964 genitore
1934 2881 2046 2948 nostro
2066 2872 2182 2945 lecistis

757 3001 790 3062 et
813 2989 961 3064 benimus
986 2991 1021 3068 in
1045 2993 1281 3068 combenientia
1305 2993 1435 3069 dedistis
1451 3004 1487 3066 tu
1503 2995 1596 3067 uobis
1619 2995 1735 3069 exinde
1749 2996 1920 3090 pagatiano
1942 3005 2099 3091 quantum
2123 2997 2181 3068 in-

756 3125 807 3188 ter
831 3140 892 3189 nes
909 3116 1126 3202 comhenit-et
1148 3120 1284 3195 lecimus
1309 3142 1369 3190 nos
1392 3119 1510 3195 exinde
1534 3129 1662 3192 autores
1685 3129 1722 3191 ut
1745 3141 1805 3191 vos
1827 3130 1861 3191 et
1874 3119 2049 3194 heredibus
2069 3121 2181 3192 vestris

757 3242 876 3314 exinde
893 3251 1023 3315 autores
1046 3251 1080 3316 et
1102 3244 1318 3318 defensatores
1342 3269 1439 3319 exere
1463 3244 1637 3319 debeamus
1653 3255 1685 3318 et
1700 3255 1736 3320 tu
1753 3255 1786 3317 et
1802 3246 1936 3318 heredes
1952 3245 2014 3316 tuis
2038 3246 2180 3318 indemni

756 3379 790 3440 et
806 3369 908 3464 quieti
924 3369 1079 3443 maneatis
1094 3376 1127 3442 et
1143 3393 1250 3466 neque
1265 3396 1284 3442 a
1299 3369 1392 3441 nohis
1415 3369 1601 3442 memoratis
1615 3370 1775 3464 germanis
1799 3393 1904 3466 neque
1919 3393 1938 3440 a
1953 3371 2070 3442 nostris
2085 3369 2181 3442 here·

759 3495 855 3568 dibus
878 3519 938 3569 nec
961 3523 980 3568 a
1004 3495 1098 3572 nobis
1122 3495 1268 3590 personis
1293 3495 1469 3568 summissis
1492 3495 1583 3566 nullo
1606 3503 1752 3591 tempore
1781 3517 1959 3592 numquam
1981 3507 2017 3566 tn
2048 3519 2181 3568 memo·

757 3636 829 3694 reto
853 3625 985 3696 domino
1008 3625 1149 3699 iohanne
1168 3632 1224 3696 aut
1245 3623 1380 3698 heredes
1404 3625 1468 3696 tuis
1492 3625 1581 3719 quod
1605 3625 1687 3695 ausit
1716 3623 1976 3696 suadeamus
2008 3621 2181 3717 aliquando

761 3759 906 3845 tempore
930 3775 1124 3848 quacunque
1148 3749 1393 3847 requisitionem
1417 3759 1474 3824 aut
1495 3749 1642 3833 molestia
1662 3773 1782 3822 anune
1806 3761 1839 3822 et
1862 3749 2070 3844 imperpetuis
2092 3756 2181 3822 mm-

757 3883 902 3980 porihus.
926 3891 974 3952 set
998 3892 1034 3953 ut
1058 3882 1206 3976 superius
1229 3881 1372 3956 diximus
1395 3891 1433 3954 ut
1456 3903 1516 3952 uos
1532 3889 1564 3952 et
1581 3880 1714 3954 heredes
1730 3879 1847 3952 uostris
1863 3879 1979 3950 exinde
1996 3885 2124 3949 autores
2148 3888 2180 3949 et

757 4010 972 4082 defensatores
996 4029 1092 4079 exere
1126 4006 1298 4080 debeamus
1322 4016 1355 4081 et
1374 4015 1413 4076 tu
1435 4015 1468 4076 et
1490 4006 1625 4076 heredes
1650 4004 1713 4076 tuis
1737 4005 1877 4075 indemni
1900 4014 1933 4077 et
1956 4003 2058 4101 quieti
2081 4027 2179 4083 man·

759 4136 838 4206 eatis
863 4143 900 4204 ut
923 4155 1021 4227 super
1045 4132 1188 4225 legitur:
1214 4131 1291 4225 quia
1314 4131 1358 4202 ita
1379 4129 1472 4202 uobis
1507 4129 1694 4204 eombcuit:
1722 4131 1756 4202 Si
1781 4140 1886 4206 antem
1915 4154 1975 4204 nos
2000 4141 2056 4204 aut
2078 4131 2179 4203 here-

760 4261 857 4334 dibus
882 4261 999 4330 nostris
1023 4259 1141 4356 quobis
1165 4270 1309 4353 tempore
1340 4269 1451 4330 contra
1475 4257 1559 4329 hanc
1587 4257 1765 4330 chartulam
1788 4273 1826 4330 ut
1849 4283 1945 4355 super
1974 4259 2091 4354 legitur
2113 4259 2179 4331 be-

760 4389 830 4459 uire
854 4389 1122 4484 presumserimus
1146 4397 1183 4462 et'
1202 4386 1237 4457 in
1261 4380 1375 4482 aliquit
1398 4385 1511 4458 offensi
1535 4385 1691 4458 hierimus
1721 4409 1779 4480 per
1809 4388 1925 4481 quobis
1942 4369 2092 4460 'modum
2124 4398 2180 4457 aut

761 4515 938 4590 summissis
973 4513 1117 4609 personis
1152 4523 1208 4584 tua
1241 4512 1464 4609 componimus
1487 4533 1546 4583 nos
1569 4515 1603 4582 el
1624 4511 1797 4584 heredibus
1827 4511 1944 4606 nostris
1967 4512 2026 4582 tivi
2050 4513 2177 4608 tuisque

759 4643 933 4718 heredibus
956 4643 1027 4712 auri
1051 4641 1173 4713 solidos
1196 4641 1313 4735 viginti
1335 4650 1476 4735 quatuor
1498 4639 1700 4735 bythiauteos
1716 4649 1748 4712 et
1772 4637 1833 4710 hec
1856 4638 2000 4711 chartula
2022 4651 2062 4713 ut
2084 4662 2182 4735 super

758 4773 879 4867 legitur
902 4771 946 4842 sit
968 4771 1060 4842 firma
1084 4771 1201 4864 scripta
1224 4793 1283 4864 per
1306 4792 1438 4842 manum
1461 4769 1558 4862 sergii
1582 4767 1744 4859 scriptoris
1768 4767 1926 4863 discipulo
1955 4769 2079 4842 domini
2100 4791 2180 4862 gre-

762 4901 848 4995 gorii
874 4898 1005 4974 curialis
1027 4907 1060 4970 et
1083 4897 1242 4970 scriniarii
1265 4921 1323 4992 per
1346 4903 1522 4969 memorata
1547 4895 1718 4966 indictione
1742 4889 1774 4989 †

854 5029 918 5101 boc
942 5029 1072 5122 signum
1087 5024 1117 5122 †
1133 5049 1265 5098 manum
1287 5028 1458 5098 memorati
1474 5023 1634 5120 germanis
1650 5023 1737 5120 qued
1754 5043 1816 5114 ego
1832 5023 1890 5119 qui
1907 5032 2099 5098 memoratos
2115 5021 2179 5096 bah

761 5159 806 5232 eis
829 5159 956 5254 rogitus
979 5181 1039 5252 pro
1063 5157 1109 5230 eis
1132 5150 1359 5248 subscripsi†
