4900 6528
1410 675 1556 774 (ece)

772 865 848 918 uem
871 838 1026 913 comitem
1048 845 1082 912 et
1102 835 1201 910 beret
1223 834 1343 909 ibidem
1366 833 1568 931 longitudine
1584 851 1695 930 pretor
1709 829 1925 928 quadruginte
1941 825 2072 906 nobeun.
2084 833 2125 908 de
2138 854 2207 910 uuo

774 966 878 1062 cupite
901 971 991 1060 perte
1014 960 1248 1058 septemtrionis
1261 967 1349 1034 torre
1361 959 1532 1034 memorati
1553 957 1713 1034 heredum
1735 957 1908 1032 memorati
1930 955 2018 1030 leoni
2040 957 2108 1032 filio
2129 983 2207 1036 ωο-

774 1093 894 1168 moreti
929 1089 1053 1164 domini
1085 1087 1232 1184 stephani
1263 1095 1297 1162 et
1319 1088 1417 1162 havet
1440 1089 1561 1160 ibidem
1586 1085 1755 1158 latitudine
1779 1106 1888 1180 pessos
1912 1084 2041 1178 triginta
2065 1098 2140 1164 tsee.
2167 1092 2208 1162 de

775 1223 840 1294 elio
862 1221 965 1316 capite
988 1228 1078 1316 perte
1101 1218 1278 1291 meridiana
1301 1227 1349 1290 oet
1372 1217 1481 1286 ribum
1505 1225 1537 1286 et
1553 1213 1651 1285 hauet
1675 1213 1797 1284 ibidem
1819 1213 1986 1284 latitudine
2008 1237 2114 1308 pm
2137 1219 2205 1288 tri.

778 1353 866 1446 ginta
889 1349 1017 1422 nobem.
1041 1345 1174 1416 lneimul
1197 1365 1276 1414 veru
1306 1341 1476 1410 memorati
1509 1339 1593 1434 paeni
1616 1349 1692 1412 eunt
1723 1342 1898 1412 mensurati
1927 1343 1967 1414 ed
1995 1357 2207 1417 memoratum

780 1501 907 1576 pessum
931 1479 1072 1550 ferreum
1095 1477 1202 1541 uncte
1225 1477 1404 1539 memorate
1428 1469 1629 1562 neopolitnue
1652 1469 1806 1544 ecclesie:
1841 1471 1926 1544 uude
1949 1469 2031 1544 nibil
2054 1473 2148 1544 uobis
2171 1475 2210 1546 de

780 1607 843 1678 hoo
866 1603 954 1698 quod
976 1595 1123 1689 superius
1146 1619 1165 1666 a
1189 1593 1283 1666 vobin
1300 1595 1408 1690 occepi
1432 1596 1616 1668 reeerbnstin
1631 1597 1726 1670 sicuti
1740 1606 1774 1669 et
1790 1599 1957 1694 quomodo
1972 1623 2045 1672 mee
2069 1602 2213 1672 eontinet

782 1724 927 1798 chartule
949 1715 1210 1790 commutationis
1233 1739 1299 1812 que
1322 1741 1381 1790 voe
1405 1741 1482 1790 uum
1505 1731 1601 1792 cunta
1627 1735 1732 1792 uentre
1758 1723 2008 1816 congregatione
2034 1725 2215 1796 moneche-

783 1871 857 1923 rum
880 1843 960 1917 mibi
984 1841 1101 1916 exinde
1123 1863 1210 1912 nunc
1235 1842 1353 1914 fecistis
1376 1844 1412 1914 iu
1432 1866 1562 1920 omnem
1579 1846 1745 1920 decisione
1760 1869 1818 1920 teu
1833 1847 2108 1922 deliberationem
2130 1851 2218 1935 Quia

785 1979 829 2049 itu
853 1976 936 2048 inter
959 1970 1053 2044 nobie
1076 1968 1251 2042 combenit.
1286 1969 1322 2042 Si
1354 1985 1465 2044 numm
1499 1996 1563 2068 ego
1593 1983 1651 2046 eut
1673 1971 1809 2048 beredee
1831 1976 1911 2047 mein
1934 1977 2052 2072 quouis
2075 1985 2221 2069 tempore

788 2113 900 2174 coutm
924 2099 1008 2172 boue
1030 2095 1211 2170 cbnrtulem
1234 2097 1497 2170 commutationis
1515 2107 1553 2170 ut
1572 2121 1669 2194 cuper
1686 2097 1806 2195 iegitur
1820 2101 1931 2173 venire
1955 2101 2223 2197 presumserimue

795 2239 827 2301 et
850 2225 983 2300 minime
1005 2221 1288 2318 edimpleverimus
1320 2221 1382 2294 bec
1412 2225 1525 2296 omnio
1549 2235 1728 2298 memorate
1751 2235 1785 2298 et
1807 2226 1842 2298 iu
1865 2226 1988 2322 aliquid
2010 2225 2124 2300 offenrt
2149 2227 2225 2298 tne-

795 2353 897 2426 rimue
920 2371 979 2444 per
1002 2345 1119 2444 qnoriu
1146 2347 1282 2418 modum
1309 2355 1367 2418 eut
1389 2331 1581 2420 summinio¹
1595 2369 1757 2444 personne.
1783 2359 1861 2422 tuuc
1883 2351 2108 2444 componimus
2132 2349 2227 2424 vobio

795 2474 1005 2572 posterisque.
1018 2469 1133 2542 uestris
1146 2469 1219 2542 euri
1240 2468 1360 2544 eolidoe
1385 2469 1517 2565 triginta
1532 2469 1828 2563 eexbytbienteoee
1845 2469 1953 2542 etheo
1975 2471 2122 2544 morou
2136 2495 2231 2568 que·

795 2601 869 2674 liter
883 2598 1026 2673 eontinet
1040 2595 1141 2694 firmo]
1155 2605 1342 2692 permoneat
1364 2598 1613 2692 imperpetuum.
1635 2597 1753 2693 ecripta
1775 2621 1834 2692 per
1860 2621 1977 2671 manue
1998 2599 2136 2672 iubenui
2164 2621 2228 2671 eu·

796 2729 884 2802 ridie
905 2727 1046 2800 scribere
1067 2725 1183 2819 rogeri
1205 2747 1264 2820 per
1287 2724 1465 2798 indictione
1488 2731 1666 2798 memorato
1689 2724 1828 2820 septima
1852 2728 1883 2818 †

891 2853 924 2948 †
947 2855 1093 2928 munus
1116 2849 1344 2948 ww

895 2979 1209 3078 †cgogregoriue
1240 2980 1482 3055 iiiimdomini
1512 2981 1631 3054 murini
1663 2979 2231 3078 rogetmeeuprmcriptomerino

803 3111 878 3184 teeti
900 3110 1072 3205 euboetipei
1094 3109 1125 3206 †

897 3229 930 3326 †
964 3239 1054 3309 uro
1090 3237 1344 3306 emmennone
1375 3239 1550 3306 emoto
1588 3211 1650 3306 dir
1695 3209 1750 3310 m
1796 3246 2024 3315 rounuorn
2057 3247 2087 3312 n
2128 3217 2235 3311 fio

805 3363 974 3430 ummo
1007 3366 1133 3432 uuum
1168 3333 1334 3448 oo'd'n†

901 3481 934 3576 †
958 3491 1051 3560 uro
1081 3491 1300 3564 wuronc
1328 3491 1504 3558 umore
1527 3461 1590 3559 ἴῃ
1614 3461 1670 3560 sc
1698 3495 1926 3562 cortrone
1956 3495 1987 3564 n
2016 3464 2123 3561 c'dd'o
2154 3495 2236 3562 ne-

808 3619 911 3686 emo
944 3619 1069 3686 uuum
1101 3591 1268 3703 co'e'r'e†

906 3739 939 3835 †
962 3741 1035 3838 Ego
1057 3735 1215 3814 iobenueu
1236 3733 1375 3810 curidu
1396 3733 1565 3831 Compleri
1587 3743 1622 3808 et
1643 3735 1766 3812 ebroini
1784 3759 1842 3836 per
1857 3737 2031 3814 indictione
2054 3743 2236 3814 memorate

776 3957 779 3964 ,
811 3866 1001 3962 *euim
