4954 6532
973 551 1097 644 (¹⁰)

1007 831 1090 902 ΗΧ.

425 1097 455 1182 †
478 1088 515 1157 ln
538 1085 670 1158 nomine
694 1081 817 1156 domini
840 1081 893 1158 dei
918 1081 1084 1157 salvatoris
1106 1084 1208 1158 nostri
1231 1084 1328 1160 lhesu
1350 1081 1469 1158 Christi
1491 1085 1671 1182 imperante
1687 1092 1755 1164 do-
1833 1115 1885 1162 en.

330 1219 418 1292 mino
443 1227 554 1290 nostro
577 1215 785 1290 Constantino
808 1217 1041 1312 porlirogenito
1074 1239 1195 1310 magno
1217 1219 1414 1312 Imperatore
1438 1241 1523 1290 anno
1545 1221 1754 1317 quednigmi-
1804 1227 1886 1288 951.

330 1367 385 1414 mo
424 1343 532 1415 tertio.
557 1345 669 1416 sedet
692 1363 827 1414 romano
864 1363 984 1439 magno
1021 1343 1220 1436 Imperatore
1243 1342 1313 1414 eius
1346 1342 1415 1413 lilio
1445 1365 1532 1417 anno
1562 1354 1668 1416 sexto.
1693 1349 1753 1418 Die

330 1471 499 1548 undecima
522 1473 640 1545 mensis
661 1473 745 1546 iunii
768 1473 943 1546 indictione
979 1494 1065 1546 nona
1096 1469 1236 1564 neapoli:
1261 1471 1395 1554 Gertrun
1416 1481 1466 1544 est
1485 1447 1546 1544 me
1563 1471 1752 1566 gregorium

330 1597 433 1671 filium
457 1597 589 1694 quidem
612 1597 738 1670 domini
759 1597 857 1691 sergii
873 1597 962 1692 greci
986 1597 1169 1693 etquidem
1194 1597 1318 1692 lengitu
1345 1597 1478 1672 hunmte
1510 1598 1629 1672 lemine
1652 1599 1753 1694 iuga-

328 1727 410 1800 lium
441 1749 662 1822 personarum.
689 1726 720 1797 Α
753 1725 894 1819 presenti
928 1725 983 1800 die
1017 1724 1235 1820 promtissima
1268 1724 1435 1800 voluntate
1468 1729 1622 1821 promitto
1659 1725 1754 1800 robis

331 1853 420 1926 leoni
445 1854 512 1924 lilio
535 1853 666 1946 quidem
687 1851 766 1922 boni
787 1863 822 1926 et
843 1853 1000 1948 eupraxia
1022 1852 1085 1926 hoc
1109 1861 1157 1926 est
1180 1853 1311 1948 iugules.
1342 1864 1473 1951 propter
1506 1855 1647 1948 integras
1664 1879 1753 1949 qua-

332 1995 407 2052 tuor
431 1981 533 2074 petias
557 1981 597 2052 de
621 1990 722 2051 terres
735 1990 857 2052 vestras
880 1961 1066 2054 constitutus
1090 1983 1131 2054 ad
1146 1981 1318 2052 castaniola
1339 1982 1436 2052 simul
1451 1991 1483 2052 et
1499 1983 1540 2052 ad
1557 1982 1755 2054 auderanum

330 2108 420 2200 quod
449 2115 616 2199 estsuper
651 2114 797 2178 sanctum
821 2108 1012 2203 cyprianum
1035 2109 1076 2182 ad
1101 2109 1232 2180 tertium
1256 2116 1407 2200 utrosque
1430 2129 1495 2177 una
1523 2130 1598 2178 cum
1629 2108 1755 2180 arveri-

330 2235 390 2306 bus
414 2242 546 2304 etcum
570 2241 705 2326 puteum
741 2257 824 2328 aque
848 2234 923 2307 vibe
947 2236 1005 2328 qui
1027 2235 1062 2306 in
1086 2259 1149 2305 una
1173 2259 1215 2307 ex
1239 2259 1276 2306 eo
1299 2256 1366 2306 esse
1401 2232 1530 2304 videtur
1551 2235 1648 2306 simul
1680 2257 1756 2306 cum

332 2362 476 2434 introitus
500 2381 612 2431 eurum
637 2359 853 2452 omnibusque
877 2359 923 2431 eis
947 2359 1138 2451 generaliter
1161 2361 1244 2430 etin
1258 2358 1385 2452 integro
1413 2360 1645 2452 pertinentibus
1662 2363 1756 2434 sicuti

330 2501 363 2564 et
387 2487 552 2586 quomodo
576 2487 670 2558 robis
704 2486 836 2557 obvenit
865 2511 884 2556 a
908 2485 1041 2580 quidem
1064 2485 1198 2558 domino
1221 2485 1363 2557 iohanne
1385 2485 1581 2560 subdiacono
1602 2512 1756 2583 germano

329 2639 405 2690 meo
428 2639 486 2711 per
509 2614 691 2686 firmissima
713 2612 859 2686 chartula
874 2611 1123 2705 comparationis
1137 2625 1243 2682 vestre
1258 2621 1297 2682 ut
1316 2602 1469 2684 continet.
1487 2614 1565 2708 quia
1579 2637 1757 2708 numquam

331 2768 517 2840 presummo
541 2767 602 2838 ego
626 2751 682 2816 aut
704 2743 840 2816 heredes
863 2741 944 2814 meis
967 2763 1027 2812 nec
1042 2739 1216 2811 babeamus
1231 2739 1393 2812 licentium
1408 2762 1468 2812 vos
1486 2752 1541 2813 aut
1555 2741 1687 2814 heredes
1701 2768 1759 2814 ve·

333 2869 408 2939 stris
431 2867 603 2963 aliquando
626 2876 772 2960 tempore
795 2865 912 2937 exinde
935 2887 1072 2960 querere
1095 2886 1153 2958 per
1177 2865 1303 2936 nullum
1333 2865 1468 2936 modum
1493 2889 1552 2935 nec
1575 2888 1632 2958 per
1667 2891 1756 2938 surn-

331 2992 436 3064 missis
471 2992 614 3087 personis
649 2990 857 3085 imperpetuis
892 2987 1102 3082 temporibus.
1138 2997 1308 3082 propterea
1343 3011 1449 3084 neque
1472 3013 1491 3058 a
1515 3013 1568 3060 me
1591 2991 1757 3062 nominato

334 3122 486 3217 gregorio
509 3145 614 3216 neque
629 3147 647 3192 a
662 3095 742 3191 meis
755 3117 927 3190 heredibus
950 3115 1040 3187 nullo
1064 3125 1207 3209 tempore
1227 3137 1287 3208 pro
1311 3115 1489 3188 nominatos
1504 3114 1645 3211 integras
1668 3142 1757 3213 qua-

332 3259 407 3318 tuor
431 3247 533 3340 petins
557 3247 596 3318 de
620 3255 724 3316 terras
747 3253 870 3343 vestras
894 3241 1080 3313 constitutas
1103 3251 1141 3310 ut
1163 3241 1304 3312 diximus
1328 3245 1368 3314 nd
1384 3245 1556 3316 castaniola
1579 3256 1612 3318 et
1634 3257 1667 3317 at
1691 3271 1757 3318 au-

330 3373 487 3442 derunum
521 3371 609 3465 quod
633 3377 803 3464 estsuper
837 3376 981 3438 sanctum
1017 3365 1207 3461 cyprianum
1246 3364 1286 3436 ad
1309 3367 1441 3436 tertium
1473 3368 1652 3460 utriusque.
1681 3394 1756 3442 cum

329 3497 498 3570 erroribus
521 3509 554 3570 ct
577 3491 652 3570 cium
676 3498 877 3568 nominatum
901 3505 1035 3588 puteum
1060 3520 1143 3591 aque
1167 3495 1241 3566 vibe
1265 3489 1323 3588 qui
1347 3490 1382 3559 in
1406 3513 1470 3561 una
1493 3513 1535 3559 ex
1560 3515 1597 3560 ea
1610 3514 1679 3566 esse
1703 3497 1758 3566 vi-

329 3626 426 3698 detur
448 3626 545 3698 simul
568 3648 643 3696 cum
667 3625 813 3694 introitus
837 3646 949 3696 eorum
972 3621 1188 3714 omnibusque
1201 3622 1249 3690 eis
1264 3617 1495 3710 pertinentibus
1511 3617 1605 3690 sicuti
1621 3629 1653 3692 et
1666 3647 1756 3718 quo-

329 3752 430 3824 modo
465 3750 558 3846 vobis
592 3748 767 3820 obvenita
799 3744 966 3816 nominato
1000 3741 1140 3812 iohanne
1174 3742 1370 3812 subdiacono
1404 3765 1557 3836 germano
1590 3769 1665 3818 meo
1699 3772 1757 3842 per

329 3875 493 3948 nominata
517 3873 699 3946 firmissima
722 3871 867 3942 chartule
891 3867 1138 3962 comparationis
1161 3875 1267 3938 vestre
1290 3866 1385 3936 sicuti
1407 3869 1476 3961 ipsa
1500 3869 1643 3942 continet
1665 3875 1755 3966 quod

332 4005 413 4074 absit
436 4003 579 4074 habeatis
594 4000 767 4094 aliquando
782 4019 989 4094 quacumque
1003 3995 1253 4089 requesitionem
1276 4004 1333 4065 aut
1356 3995 1501 4066 molestia
1524 4004 1590 4067 tam
1613 4019 1672 4070 vos
1698 4001 1756 4094 qui

332 4153 428 4226 supra
449 4130 502 4202 leo
525 4139 558 4200 et
581 4126 735 4220 eupraxia
759 4124 881 4218 iugales
905 4146 1068 4220 quamque
1084 4121 1197 4192 vestris
1211 4121 1383 4194 heredibus
1398 4144 1457 4214 per
1473 4120 1598 4194 nullum
1618 4129 1754 4198 modum

334 4281 391 4330 nec
415 4279 473 4350 per
496 4253 673 4326 summissis
696 4250 841 4344 personis
864 4247 908 4317 he
931 4269 1017 4318 nunc
1046 4253 1079 4317 et
1101 4245 1310 4340 imperpetuis
1343 4247 1555 4338 temporibus.
1589 4250 1674 4332 Quia
1709 4253 1753 4321 ita

333 4381 414 4452 mihi
435 4403 520 4451 vene
542 4375 718 4448 voluntatis
752 4371 961 4465 complacuit
995 4369 1029 4440 Si
1064 4379 1172 4440 nutem
1195 4393 1257 4462 ego
1280 4379 1336 4440 out
1358 4369 1492 4440 heredes
1522 4369 1603 4442 meis
1637 4375 1754 4467 quovis

332 4523 477 4603 tempore
500 4517 612 4578 contra
635 4504 718 4576 bane
753 4499 932 4572 chartulam
955 4497 1176 4592 promissionis
1199 4507 1237 4566 ut
1267 4519 1364 4590 super
1397 4497 1516 4590 legitur
1538 4499 1650 4571 venire
1672 4501 1778 4596 pre-¹

331 4633 538 4706 sumserimus
561 4641 594 4702 et
616 4629 652 4699 in
676 4624 800 4721 aliquid
814 4619 1041 4694 offenderimus
1057 4645 1115 4715 per
1130 4622 1249 4716 quovis
1261 4623 1395 4694 modum
1409 4631 1466 4692 aut
1481 4625 1657 4694 summissis
1671 4649 1753 4720 per·-

331 4764 431 4834 sonis.
456 4773 533 4832 tunc
557 4757 782 4852 componimus
795 4751 888 4826 vobis
906 4749 1084 4844 vestrisque
1098 4749 1270 4822 heredibus
1293 4750 1365 4822 auri
1388 4749 1470 4822 libra
1486 4774 1552 4823 una
1576 4753 1750 4849 bytiuntee.

330 4897 364 4958 et
387 4886 447 4960 hec
471 4883 616 4954 chartula
639 4880 776 4976 qualiter
798 4875 941 4948 continet
964 4876 1005 4946 sit
1029 4877 1122 4948 firma
1145 4875 1396 4969 imperpetuum.
1412 4875 1531 4972 scripta
1555 4901 1614 4974 per
1636 4903 1754 4961 menos

331 5015 478 5088 iobunnis
502 5011 632 5083 curialis
656 5033 713 5105 per
736 5005 909 5082 indictione
933 5006 1098 5078 nominata
1122 5005 1254 5104 nonn†
