4900 6528
1378 527 1525 628 (seo)

1268 887 1275 900 .
1389 819 1525 894 CLVIII.

626 1101 677 1150 an.
840 1071 932 1167 †In
964 1073 1097 1148 nomine
1127 1071 1254 1146 donini
1286 1073 1340 1148 dei
1369 1077 1542 1150 selretoris
1573 1075 1679 1150 nostri
1707 1074 1806 1150 ihesu
1840 1072 1959 1150 Christi
1991 1081 2179 1180 hpeennte

602 1213 689 1279 974.
745 1197 878 1276 dentium
902 1207 1013 1273 nostro
1036 1197 1149 1272 besilio
1176 1221 1297 1294 magno
1329 1198 1530 1294 Imperatore
1552 1221 1637 1274 enno
1663 1199 1920 1296 quartodecimo
1943 1208 1999 1281 sed
2021 1218 2054 1282 et
2075 1211 2172 1286 Gon·

745 1322 886 1398 sentino
908 1345 1027 1417 magno
1050 1323 1246 1416 Imperatore
1268 1321 1367 1394 treter
1390 1320 1461 1394 eius
1485 1343 1570 1394 nuno
1593 1322 1778 1398 undecimo.
1803 1338 1836 1400 et
1859 1327 2016 1406 Iohunnos
2047 1355 2172 1431 magno

747 1449 942 1544 imperatore
964 1446 1020 1518 sed
1044 1457 1077 1518 ot
1100 1465 1185 1516 enno
1214 1453 1340 1538 quarto.
1373 1444 1436 1518 Dio
1458 1447 1698 1540 quortedchmo
1724 1450 1843 1526 menes
1864 1454 1973 1534 mettii
1998 1455 2173 1534 indictione

747 1579 885 1652 secunde
908 1571 1055 1666 neopolis
1081 1571 1213 1645 &mum
1236 1579 1285 1644 est
1306 1595 1361 1644 me
1383 1582 1513 1669 petrum
1542 1574 1647 1650 tilium
1678 1578 1844 1674 quondum
1865 1579 2000 1656 iohanni
2024 1585 2082 1680 qui
2106 1609 2173 1660 no-

746 1710 887 1778 minetur
918 1703 1022 1776 ticnri.
1052 1725 1117 1775 une
1150 1723 1226 1776 cum
1259 1725 1451 1778 consensum
1480 1713 1661 1799 presentem
1693 1708 1817 1781 merite
1837 1710 2017 1804 posteriore
2040 1716 2175 1812 conIugi

748 1857 859 1906 mene:
894 1832 925 1904 A
949 1833 1089 1928 presenti
1116 1833 1169 1906 die
1201 1833 1418 1928 promtissime
1449 1834 1617 1909 voluntate
1650 1839 1902 1912 commutarint
1932 1843 2053 1916 tradidi
2080 1847 2174 1922 vobis

749 1963 882 2034 domino
917 1959 1072 2056 stephano
1109 1959 1287 2034 venerabili
1320 1959 1426 2031 nhbeti
1460 1969 1492 2032 et
1524 1973 1622 2036 cnute
1651 1968 1901 2062 congregatione
1936 1973 2174 2050 monachorum

750 2087 938 2163 monosterii
970 2097 1154 2160 sanderum
1184 2085 1323 2160 seberini
1346 2098 1378 2160 et
1401 2091 1480 2164 sossi
1516 2089 1597 2164 hubi
1625 2111 1742 2165 eorum
1775 2094 1970 2170 venerabilis
2002 2099 2174 2195 quiescunt

749 2239 910 2312 corpores.
935 2215 1017 2289 idest
1039 2215 1163 2312 integro
1187 2237 1251 2287 une
1276 2226 1361 2290 terre
1384 2239 1457 2290 meo
1480 2220 1583 2314 positu
1607 2243 1689 2292 vero
1710 2221 1788 2294 iorIs
1803 2223 1947 2300 dubeum
1964 2227 1999 2300 in
2014 2227 2088 2301 loco
2114 2228 2175 2324 qui

751 2357 885 2418 vocetur
908 2344 1138 2418 terrentianum
1163 2343 1326 2416 territorio
1357 2343 1520 2440 plegiense
1543 2349 1601 2443 qni
1624 2347 1706 2420 mihi
1739 2350 1870 2424 chhenit
1893 2363 1926 2424 et
1948 2357 2089 2447 pertinet
2111 2379 2177 2451 per

752 2471 940 2566 dispositum
964 2468 1127 2564 quondum
1149 2465 1256 2540 sillitte
1280 2455 1442 2542 anteriore
1463 2469 1605 2566 coniugi
1619 2494 1723 2548 mese.
1750 2475 1821 2548 Une
1847 2499 1923 2550 cum
1947 2479 2117 2554 mondus
2142 2492 2181 2558 et

750 2602 920 2674 introitum
937 2621 1032 2672 suum
1047 2597 1271 2694 omnibusque.
1288 2600 1335 2671 eis
1353 2599 1605 2694 pertinentibust
1632 2603 1803 2677 coherente
1827 2605 1874 2678 isi
1896 2619 2074 2680 mmorute
2089 2619 2178 2684 terra

752 2732 796 2804 he
818 2727 944 2804 duobus
967 2727 1129 2802 lateribus.
1154 2737 1244 2823 perte
1267 2725 1423 2800 bedentis
1446 2738 1479 2800 et
1493 2727 1691 2802 hoccidentis
1713 2739 1815 2802 terres
1837 2719 2095 2829 congregationis
2118 2761 2175 2812 su·

753 2859 920 2932 osrdotum
943 2857 1104 2930 chartulas
1129 2856 1280 2929 ccclesiae
1302 2828 1404 2928 suncti
1431 2855 1565 2928 iohnnni
1588 2855 1623 2926 Iu
1647 2867 1738 2929 corte
1764 2857 1861 2932 sicuti
1888 2883 1950 2956 pro
1974 2883 2173 2962 unoquoque

753 2985 852 3056 Ietere
879 3007 940 3055 ene
963 2993 1117 3080 quattuor
1140 2981 1292 3056 termines
1316 2983 1447 3054 exfinet.
1472 2983 1522 3054 De
1544 3005 1612 3054 uno
1627 2985 1732 3079 capite
1755 2995 1846 3078 purte
1869 2988 2104 3080 septemtrionis
2127 2999 2175 3063 est

754 3119 839 3184 terre
862 3117 982 3184 vestras
1005 3109 1085 3182 iuris
1108 3109 1280 3182 memorati
1302 3108 1402 3181 soncti
1425 3110 1525 3184 vestri
1547 3111 1746 3202 monasterii.
1771 3121 1861 3185 etex
1875 3112 1940 3186 dio
1954 3115 2059 3210 cepite
2082 3125 2173 3211 purte

754 3240 930 3337 meridiane
952 3247 1000 3312 est
1021 3240 1127 3312 resine
1149 3239 1191 3312 dc
1213 3260 1279 3335 que
1301 3237 1384 3310 nihil
1405 3237 1487 3310 mihi
1510 3237 1626 3312 exinde
1649 3237 1736 3310 intus
1758 3248 1952 3314 memorum
1972 3241 2173 3318 coherentios

754 3371 906 3446 remansit
928 3379 983 3441 eut
997 3367 1159 3442 resorberi
1174 3390 1233 3440 nec
1247 3367 1284 3439 in
1298 3365 1416 3439 alienos
1431 3385 1583 3460 personas
1598 3362 1820 3437 commisimus
1832 3373 2000 3460 potestate:
2016 3368 2065 3442 Itu
2080 3380 2117 3442 ut
2131 3371 2175 3444 ha

754 3522 840 3573 nunc
856 3508 888 3570 et
904 3498 1051 3593 deinceps
1066 3501 1241 3567 memoratu
1257 3493 1381 3588 integre
1404 3513 1468 3562 unc
1484 3491 1569 3586 pedu
1583 3492 1624 3565 de
1638 3497 1723 3562 terre
1738 3513 1810 3564 meu
1824 3493 1928 3587 posite
1942 3494 1979 3566 in
1992 3507 2173 3570 memorato

603 3693 607 3700 .
754 3626 827 3697 Ioco
841 3623 900 3720 qui
915 3631 1050 3695 vocetur
1065 3617 1313 3692 terrentianum:
1331 3615 1496 3688 territorio
1511 3615 1673 3710 plegiense
1687 3624 1726 3686 nt
1740 3617 1809 3690 dixi
1823 3617 1882 3714 qui
1896 3618 1977 3692 mihi
1991 3623 2129 3716 pertinet
2143 3635 2176 3697 et

755 3755 885 3826 obvenit
899 3775 956 3848 per
972 3749 1160 3847 dispositum
1174 3745 1339 3844 quondum
1361 3742 1469 3818 sillitte
1493 3744 1652 3818 anteriore
1666 3745 1798 3842 coniugi
1813 3769 1904 3822 mene
1918 3771 1994 3824 cum
2009 3752 2177 3826 moribus

756 3889 789 3954 et
812 3877 981 3951 introitum
996 3899 1093 3950 suum
1108 3872 1323 3968 omnibusque
1338 3869 1385 3943 eis
1400 3870 1635 3965 pertinentibus
1653 3893 1739 3944 nme
1754 3871 1847 3946 votis
1860 3875 1903 3948 eit
1916 3885 2132 3950 commutetur
2146 3889 2178 3952 et

755 4003 890 4076 traditus
904 4001 940 4072 in
954 4010 1075 4073 vestm
1088 3998 1289 4094 posterisque
1304 3997 1418 4071 vestris
1432 3996 1533 4092 ipsius
1545 3997 1715 4068 memorati
1730 3999 1830 4071 vestri
1844 4003 2031 4076 monuerit
2045 4005 2108 4078 sint
2122 4029 2177 4101 po

756 4121 868 4204 testnte
882 4124 1042 4222 quidquid
1066 4124 1183 4197 exinde
1206 4125 1311 4197 Iacere
1326 4122 1493 4196 volueritis
1508 4141 1634 4220 semper
1649 4121 1783 4196 liberum
1799 4123 1942 4198 henou
1956 4136 2128 4223 potestate:
2147 4137 2179 4206 et

756 4275 862 4350 neque
892 4271 987 4324 eme
1010 4255 1189 4320 memorato
1210 4257 1303 4344 petro
1328 4270 1406 4323 cum
1428 4269 1620 4322 consensum
1651 4260 1828 4326 memmae
1858 4253 1979 4328 mesine
2001 4257 2179 4352 posteriore

757 4380 889 4476 coniugi
911 4404 1001 4454 mese
1016 4402 1122 4476 neque
1137 4404 1156 4450 n
1171 4379 1253 4456 meis
1277 4375 1451 4452 heredibus
1465 4375 1556 4450 nullo
1572 4385 1719 4474 temporo
1733 4401 1913 4478 numquem
1927 4405 1987 4457 vos
1999 4395 2179 4458 memorato

758 4507 891 4582 domino
914 4505 1069 4603 stephano
1092 4504 1269 4582 venerabili
1303 4501 1409 4578 ubhoti
1434 4512 1467 4579 et
1499 4509 1613 4578 cuutm
1647 4505 1912 4604 congregationes
1944 4509 2179 4588 monachorum

758 4634 929 4709 memorati
951 4636 1051 4708 sancti
1074 4635 1173 4709 vestri
1204 4631 1389 4709 monasterii
1412 4641 1468 4708 eut
1494 4631 1632 4728 posteris
1659 4633 1775 4706 sesni
1806 4631 1897 4732 quud
1925 4636 2008 4712 obsit
2035 4637 2182 4715 musam

759 4762 876 4836 exinde
899 4761 1071 4860 aliquando
1094 4783 1301 4858 quocumque
1324 4759 1569 4859 requisitionem
1593 4769 1650 4836 ont
1672 4760 1835 4836 molestias
1858 4785 1917 4860 por
1946 4764 2074 4841 nullum
2107 4789 2183 4840 mo·

760 4889 838 4964 dum
871 4911 931 4964 nec
954 4911 1011 4984 por
1043 4887 1167 4962 nudem
1198 4908 1349 4983 pemonus
1373 4913 1392 4959 a
1415 4886 1508 4960 nobis
1535 4887 1713 4964 summissis
1736 4886 1778 4961 hu
1801 4911 1887 4966 nunc
1914 4899 1948 4966 et
1969 4893 2181 4990 imperpetuis
