4954 6532
616 1177 670 1224 an.
834 1146 865 1242 †
881 1148 1065 1220 innomine
1082 1147 1205 1218 domiui
1222 1146 1274 1219 dei
1288 1147 1457 1220 salvatoris
1474 1147 1576 1218 nostri
1591 1145 1685 1220 lbesu
1702 1145 1821 1217 Christi
1836 1148 2017 1240 Imperante
2030 1149 2161 1222 domino

598 1285 683 1350 957.
740 1287 853 1348 nostro
877 1275 1087 1346 Constantino
1109 1297 1228 1366 magno
1252 1275 1451 1370 Imperatore
1474 1295 1559 1344 enno
1583 1273 1830 1369 quadragesimo
1845 1298 1954 1346 nono:
1979 1277 2036 1348 sed
2051 1291 2084 1348 et
2099 1301 2162 1348 ro·

739 1421 836 1474 mano
852 1421 970 1492 magno
987 1400 1179 1492 imperatore
1197 1400 1266 1470 eius
1282 1397 1350 1468 lilio
1365 1417 1449 1466 auno
1465 1396 1659 1468 duodecimo
1674 1397 1728 1470 die
1742 1398 1858 1469 octabu
1874 1400 1992 1474 mensis
2008 1403 2162 1476 februarii

739 1526 912 1602 indictione
936 1524 1170 1619 quintadecima
1194 1524 1347 1616 neapoli:
1374 1523 1507 1595 Certum
1530 1533 1578 1594 est
1600 1547 1655 1597 me
1677 1524 1851 1598 iohannem
1876 1527 1981 1601 hlium
1995 1531 2162 1624 quondum

742 1655 865 1727 domini
888 1650 1073 1722 theodorii:
1093 1649 1282 1742 Apresenti
1306 1651 1359 1724 die
1383 1651 1580 1740 venumdedi
1604 1663 1637 1725 et
1661 1653 1780 1725 tradidi
1799 1654 1858 1725 tibi
1880 1657 1983 1729 maria
1996 1659 2050 1728 cui
2064 1681 2162 1752 super

739 1801 862 1853 uumen
888 1777 1048 1848 bisuntina
1079 1777 1146 1849 lilia
1179 1776 1312 1872 quidem
1335 1777 1485 1850 iohannis
1509 1777 1661 1853 monachi
1684 1783 1806 1854 coniux
1830 1784 1963 1878 quidem
1984 1785 2159 1877 stephani:

739 1907 824 1978 ldest
846 1901 1014 1972 sexuncias
1049 1905 1089 1976 de
1111 1905 1237 1998 integra
1261 1911 1346 1976 terra
1373 1929 1446 1978 mea
1470 1929 1535 2000 que
1565 1907 1751 1979 nominatur
1779 1907 1998 1978 massacellam
2022 1909 2164 2002 positam·

739 2033 775 2104 in
797 2026 983 2102 licinianam
1005 2053 1071 2102 uua
1088 2053 1163 2100 cum
1179 2029 1348 2102 ausoribus
1365 2039 1398 2104 et
1412 2031 1547 2103 introito
1563 2052 1624 2104 suo
1638 2039 1671 2105 et
1685 2030 1836 2102 omuibus
1851 2031 1913 2104 sibi
1928 2031 2160 2126 pertinentibus

741 2163 828 2234 unde
851 2159 933 2233 nihil
948 2157 1030 2228 mibi
1044 2157 1162 2229 exinde
1179 2157 1313 2254 aliquod
1328 2160 1483 2232 remansit
1505 2167 1562 2232 aut
1576 2158 1752 2232 reserbabit
1767 2181 1827 2231 uec
1842 2159 1878 2229 in
1892 2145 2030 2231 alienam
2051 2181 2163 2252 perso·

742 2307 818 2356 nam
838 2283 926 2378 quod
943 2277 1024 2351 obsit
1039 2281 1190 2352 conmisit
1204 2289 1260 2351 aut
1276 2283 1342 2354 iam
1358 2283 1515 2354 conmitto
1527 2290 1720 2376 potestatem
1736 2284 1795 2378 qui
1810 2307 1845 2356 se
1860 2282 1992 2354 insimul
2015 2285 2162 2378 iungitur

740 2417 774 2484 et
797 2407 972 2483 indrbisum
994 2407 1135 2477 reiacent
1157 2405 1336 2476 nominatas
1359 2405 1500 2498 integras
1524 2408 1693 2478 sexuncias
1717 2431 1804 2480 meas
1829 2432 1910 2502 quas
1940 2411 1998 2482 tibi
2022 2393 2163 2482 nvenun-

742 2532 832 2605 dedit
854 2554 929 2602 cum
952 2529 1015 2600 alia
1037 2527 1206 2600 denuncias
1230 2530 1270 2601 de
1295 2528 1447 2622 gregorio
1471 2528 1584 2624 nepoti
1606 2547 1704 2600 meos
1735 2531 1793 2624 qui
1817 2540 1850 2601 et
1873 2531 2005 2603 insimul
2028 2532 2161 2606 coheret

744 2657 785 2730 ab
809 2679 875 2731 uno
897 2658 1031 2728 laterem
1054 2655 1150 2726 etde
1173 2677 1241 2726 uuo
1265 2655 1404 2748 capitem
1435 2661 1520 2724 terra
1543 2653 1709 2725 nominato
1733 2656 1872 2747 genitori
1896 2665 1955 2728 tuo
1978 2661 2073 2732 etde
2096 2659 2162 2730 alio

744 2785 879 2858 laterem
900 2794 933 2856 et
957 2785 997 2856 de
1020 2784 1084 2856 alio
1108 2785 1248 2877 capitem
1280 2792 1368 2855 terra
1396 2782 1554 2854 heredum
1577 2781 1744 2875 quondam
1775 2783 1900 2853 domini
1928 2784 2077 2857 iohannis
2100 2809 2163 2858 ca-

744 2910 860 2980 staldi:
888 2911 966 2980 itam
989 2919 1027 2980 ut
1050 2933 1069 2979 a
1092 2911 1233 3002 presenti
1258 2910 1311 2982 die
1334 2915 1368 2981 ct
1391 2908 1538 2999 deinceps
1569 2907 1759 3000 prenomina
1791 2906 1972 2978 nominatas
1995 2911 2164 2983 sexuncias

744 3055 834 3104 meas
849 3019 937 3126 ¹quas
961 3032 1021 3104 tibi
1045 3033 1242 3106 venundedit
1264 3034 1351 3106 intus
1374 3032 1556 3102 nominatas
1571 3027 1775 3101 coherentias
1798 3037 1836 3100 ut
1849 3052 1947 3124 super
1963 3034 2082 3128 legitur
2097 3037 2161 3107 sint

745 3183 765 3227 a
788 3180 842 3228 mc
866 3156 925 3228 tibi
949 3157 1166 3228 venundatam
1188 3165 1222 3229 et
1245 3158 1394 3228 traditam
1416 3156 1452 3224 in
1474 3165 1531 3226 tua
1555 3154 1684 3248 tuisque
1701 3153 1874 3226 heredibus
1889 3157 1953 3227 sint
1968 3169 2161 3252 potestatem

745 3284 908 3380 quidquid
931 3282 1048 3354 exinde
1070 3259 1209 3354 facerem
1230 3281 1422 3352 volueritis:
1448 3289 1482 3355 et
1505 3303 1611 3374 neque
1635 3305 1655 3351 a
1678 3303 1731 3352 me
1754 3283 1919 3353 nominato
1941 3283 2080 3359 iohanne
2105 3309 2164 3356 nc·
2234 3279 2238 3286 ’

745 3435 811 3506 que
835 3433 854 3480 a
876 3408 957 3480 meis
981 3406 1154 3478 heredibus
1183 3432 1291 3504 neque
1315 3433 1334 3478 a
1357 3407 1450 3478 nobis
1484 3407 1629 3500 personis
1663 3409 1842 3481 summissis
1869 3409 1960 3482 nullo
1982 3417 2161 3505 temporem

745 3535 867 3609 nullam
890 3533 1008 3606 exinde
1032 3531 1152 3605 abeatis
1175 3555 1380 3628 quacumque
1404 3532 1651 3626 requisitionem
1675 3542 1731 3606 aut
1762 3533 1965 3606 molestiam:
1997 3558 2104 3634 neque
2126 3547 2163 3610 tu
2303 3539 2306 3544 ’

746 3662 911 3738 nominata
943 3661 1047 3732 maria
1078 3685 1185 3758 neque
1216 3663 1281 3732 tuis
1313 3659 1487 3732 heredibus
1511 3681 1570 3752 per
1593 3661 1720 3731 nullum
1742 3663 1878 3733 modum
1910 3662 2161 3758 inperpetuum

747 3791 882 3884 Insuper
912 3786 1002 3858 omni
1032 3794 1218 3882 temporem
1245 3809 1308 3878 ego
1341 3793 1374 3856 et
1406 3785 1541 3857 heredes
1571 3787 1652 3856 meis
1681 3784 1862 3857 nominatas
1886 3786 2055 3859 sexuncias
2077 3809 2166 3860 meas

748 3940 830 4012 quas
852 3917 913 3996 tibi
934 3915 1133 3987 venundedit
1156 3913 1243 3980 intus
1266 3911 1446 3982 nominatas
1469 3912 1671 3982 coherentias
1694 3924 1732 3986 ut
1755 3935 1853 4006 super
1869 3913 1989 4007 legitur
2010 3937 2053 3986 av
2074 3915 2165 3986 omni

748 4041 916 4115 bominem
938 4037 1094 4128 omnique
1117 4055 1253 4127 persona
1286 4032 1346 4102 tibi
1376 4035 1505 4127 tuisque
1538 4034 1711 4106 heredibus
1741 4035 1776 4106 in
1800 4037 1950 4109 omnibus
1974 4047 2166 4112 antestarem

751 4173 785 4237 et
807 4160 1011 4236 defenderem
1034 4155 1254 4251 promittimus
1277 4179 1338 4248 pro
1362 4179 1402 4227 eo
1425 4157 1514 4250 quod
1538 4160 1680 4250 accepim
1705 4169 1774 4232 ate
1790 4161 1861 4230 auri
1877 4169 1945 4233 tare
1961 4185 2064 4235 unum
2080 4161 2166 4236 sicut

750 4286 836 4358 iuter
859 4283 951 4354 nobis
974 4280 1137 4352 combenit
1159 4279 1249 4376 quod
1272 4281 1299 4351 si
1323 4288 1432 4352 autem
1458 4281 1550 4354 aliter
1574 4282 1681 4353 fecero
1704 4283 1745 4356 de
1768 4285 1796 4354 is
1819 4285 1970 4357 omuibus
1993 4289 2166 4362 nominatis
2193 4299 2198 4318 '

751 4435 810 4508 per
833 4410 950 4506 quovis
973 4411 1108 4480 modum
1132 4415 1188 4478 aut
1212 4407 1413 4477 summissam
1436 4429 1606 4501 personam
1622 4418 1698 4480 tune
1715 4433 1877 4504 compono
1905 4436 1966 4506 ego
1984 4427 2016 4483 et
2031 4414 2166 4487 heredes

752 4538 833 4610 meis
856 4535 916 4606 tibi
938 4537 1068 4629 tuisque
1090 4533 1261 4606 heredibus
1284 4535 1356 4604 auri
1380 4535 1499 4606 solidos
1523 4559 1580 4606 sex
1604 4537 1806 4631 bythianteos
1831 4539 1938 4636 ethec
1962 4541 2106 4612 chartula
2130 4554 2166 4614 ut

752 4687 850 4758 super
872 4663 992 4756 legitur
1013 4663 1078 4732 sint
1100 4663 1192 4734 lirma
1208 4665 1324 4756 scripta
1348 4685 1406 4755 per
1429 4685 1543 4736 manus
1567 4665 1716 4736 anastasii
1739 4667 1903 4758 scriptoris
1918 4669 2076 4764 discipulo
2100 4671 2164 4742 do-

753 4791 835 4864 miui
858 4789 1001 4884 gregorii
1023 4789 1152 4858 curialis
1175 4796 1207 4860 et
1231 4787 1389 4860 scriniarii
1413 4813 1471 4882 per
1495 4789 1693 4859 nominatam
1716 4790 1925 4862 indictionem
1949 4793 1980 4887 †

848 4916 912 4987 buc
935 4916 1064 5009 siguum
1088 4911 1119 5009 †
1142 4937 1254 4986 manus
1278 4915 1444 4986 nominato
1468 4917 1607 4988 iohanne
1630 4919 1719 5011 quod
1747 4941 1809 5009 ego
1832 4919 1890 5014 qui
1907 4924 2088 4994 nominatos
2105 4943 2165 5017 pro

757 5061 832 5114 eum
855 5039 1028 5133 subscripsi
1050 5045 1083 5110 et
1106 5039 1309 5112 nominatum
1334 5048 1401 5110 tare
1425 5039 1580 5111 confiteor
1603 5039 1781 5138 percepisse
1804 5036 1852 5134 †'
