4854 6528
873 569 1022 665 (aco)

232 735 301 811 eius
324 731 451 804 ovitum
474 734 531 798 aut
545 725 574 798 si
588 747 648 821 per
670 723 908 820 qualecumque
930 725 1066 798 modum
1088 727 1190 800 adnm
1203 727 1314 800 virum
1333 732 1430 803 fuerit
1445 735 1564 806 sociata
1580 741 1658 806 tunc

230 861 271 935 do
294 853 434 952 presenti
455 851 490 922 in
513 858 620 924 vestra
642 848 853 944 posterisque.
879 847 994 920 vestris
1016 858 1262 945 memoratoque
1287 861 1398 924 sancto
1420 863 1453 926 et
1475 857 1650 930 venerabili

229 989 339 1056 uestro
360 973 556 1050 monasterio
577 971 780 1044 rebertantur
802 976 991 1064 potestatem
1013 975 1062 1041 set
1084 969 1175 1044 tollat
1198 971 1261 1042 siri
1280 973 1396 1046 exinde
1411 989 1559 1070 quartam
1573 1004 1650 1076 pff.

229 1117 295 1180 tem
317 1099 436 1176 ialcidii
458 1097 523 1170 sui.
549 1095 687 1190 Insuper
709 1093 844 1168 adfirmo
866 1100 904 1164 ut
926 1091 955 1164 si
977 1100 1155 1164 memorate
1185 1093 1307 1166 coniux
1333 1115 1407 1168 mea
1429 1120 1509 1172 mox
1531 1126 1652 1200 progna

231 1230 328 1304 riserit
350 1225 475 1318 etipse
497 1222 601 1294 inians
622 1217 702 1294 cibo
724 1228 817 1292 natus
840 1217 939 1292 inerit
960 1225 1039 1290 tnnc
1061 1221 1170 1292 omnia
1187 1243 1253 1318 que
1268 1223 1417 1317 superius
1438 1225 1529 1298 vohis
1552 1232 1662 1306 offom.

232 1359 273 1430 sit
286 1357 329 1430 de
342 1353 414 1447 ipso
427 1350 531 1422 intans
553 1347 649 1420 dante
672 1344 765 1416 robis
788 1343 905 1416 exinde
927 1343 999 1416 auri
1023 1343 1142 1418 solidos
1165 1367 1223 1420 sex
1237 1347 1460 1442 bythianteos:
1479 1361 1512 1426 et
1527 1355 1555 1426 si
1570 1356 1657 1451 ipsos

233 1476 355 1552 solidos
378 1469 471 1545 uobis
493 1476 571 1540 tuno
593 1489 660 1540 non
683 1464 808 1540 dederit
840 1475 918 1540 tnnc
946 1465 1042 1540 liceat
1061 1487 1120 1540 ros
1144 1475 1202 1540 aut
1227 1470 1362 1564 pesteris
1395 1475 1508 1548 vestris
1541 1477 1660 1552 exinde

237 1599 454 1700 appreendere
477 1603 511 1671 ct
528 1593 725 1670 venumdare
740 1591 798 1666 ubi
821 1589 988 1664 uolueritis
1011 1599 1136 1666 tentum
1159 1603 1269 1666 auem
1292 1595 1377 1670 unde
1393 1610 1587 1675 memoratos
1602 1629 1662 1679 ser

243 1727 365 1802 solidos
378 1723 593 1821 bytbiunteos.
610 1719 723 1795 tollere
737 1718 867 1794 baleatis
882 1728 915 1791 et
927 1716 982 1790 cui
998 1717 1204 1820 ¹qendideritis
1226 1717 1358 1793 firmum
1380 1727 1414 1813 et
1427 1721 1573 1798 sterilem
1589 1752 1665 1822 per.

241 1859 370 1926 maneat
391 1848 642 1944 imperpetuum.
661 1851 695 1917 ct
708 1843 735 1918 si
750 1843 819 1940 ipse
842 1844 946 1918 inlms
968 1840 1102 1916 minime
1126 1840 1225 1916 luerit
1247 1841 1324 1918 vibo
1347 1851 1460 1921 natum
1475 1857 1531 1920 aut
1546 1849 1574 1922 si
1589 1853 1669 1926 ribo

242 1979 343 2052 fuerit
366 1986 479 2050 natum
502 1987 536 2050 et
559 1974 677 2048 orierit
708 1973 778 2048 sine
800 1975 971 2068 proprium
1003 1969 1156 2044 heredem
1181 1971 1222 2043 de
1244 1993 1348 2046 uxore
1371 1994 1429 2046 sua
1453 1983 1530 2050 tunc
1559 1983 1668 2053 omnia

240 2129 309 2203 que
331 2103 478 2202 superius
501 2102 594 2176 robis
617 2101 732 2176 offerni
754 2102 790 2174 in
814 2108 920 2175 restra
947 2099 1158 2196 postemque.
1196 2098 1309 2172 uestris
1340 2100 1543 2176 rebertantnr
1565 2115 1664 2200 pote-

240 2241 357 2306 statem
379 2241 417 2304 ut
439 2253 535 2326 snper
557 2229 676 2324 legitur
698 2237 746 2301 set
768 2237 806 2302 ut
827 2212 976 2327 superius
998 2229 1067 2303 dixi
1089 2227 1117 2299 si
1140 2237 1315 2301 memorata
1338 2251 1424 2302 uror
1446 2249 1519 2303 mea
1542 2233 1662 2304 lectum

242 2379 353 2432 meum
376 2357 562 2427 custodierit
584 2364 618 2426 et
640 2353 741 2424 alium
758 2353 867 2424 virum
889 2376 957 2422 non
979 2354 1076 2424 fuerit
1098 2353 1217 2426 sociata
1240 2354 1308 2450 ipsa
1328 2378 1400 2430 eum
1418 2363 1528 2428 tenme
1544 2367 1576 2428 et
1594 2361 1664 2431 lrn.

243 2481 387 2576 giagiare
411 2477 525 2552 debeat
538 2476 605 2548 vite
619 2496 678 2548 sue
692 2482 818 2582 etpost
834 2474 905 2544 eius
928 2475 1056 2548 oritum
1078 2487 1136 2548 aut
1157 2478 1258 2572 siper
1282 2478 1515 2576 qualecumque
1538 2482 1672 2555 modum

243 2609 346 2681 alium
368 2608 476 2678 virum
498 2604 597 2678 fuerit
619 2602 738 2676 sociata
762 2611 837 2672 tunc
861 2603 901 2675 de
923 2603 1064 2697 presenti
1087 2602 1144 2674 fiat
1166 2613 1198 2676 et
1221 2605 1359 2678 reberlat
1381 2607 1494 2680 omnia·
1513 2615 1550 2680 ul
1572 2629 1670 2704 super

244 2733 365 2828 legitur
378 2741 426 2804 set
439 2740 477 2802 ut
492 2729 604 2804 dirisi
626 2741 805 2804 memorato
828 2729 932 2802 inians
954 2727 1075 2802 uixerit
1090 2741 1285 2805 memoratos
1299 2732 1419 2806 solidos
1437 2755 1496 2806 sex
1508 2734 1667 2830 bytbian-

244 2871 342 2932 teos:
367 2867 445 2930 tunc
466 2857 582 2933 exinde
605 2856 717 2929 tollere
740 2856 879 2930 debeatis
901 2864 939 2928 ul
961 2879 1059 2952 super
1080 2858 1210 2952 legitur.
1234 2859 1319 2944 Quia
1342 2860 1388 2929 itu
1411 2859 1493 2930 mibi
1517 2861 1668 2954 compla-

245 2983 368 3056 enisi
392 2987 499 3053 autem
521 3003 585 3076 ego
607 2988 663 3050 aut
684 2979 817 3051 heredes
839 2979 920 3051 meis
942 2979 1059 3076 quovis
1081 2987 1227 3076 tempore
1250 2989 1362 3054 contra
1381 2981 1465 3053 hanc
1488 2981 1669 3054 chartulam

246 3111 426 3186 offertionis
448 3118 487 3180 ut
507 3129 604 3204 super
626 3107 749 3203 legitur
773 3109 882 3180 venire
913 3108 1177 3204 presumserimus
1200 3119 1233 3182 et
1255 3111 1290 3182 in
1314 3109 1435 3207 aliquid
1458 3109 1571 3184 offensi
1593 3111 1670 3182 tna-

245 3243 353 3312 n‘mns
375 3261 433 3334 per
455 3236 572 3334 quovis
594 3235 727 3308 modum
750 3245 806 3307 aut
832 3235 1010 3310 summissis
1036 3255 1188 3328 personas
1219 3245 1298 3310 tune
1321 3237 1545 3331 componimus
1580 3238 1674 3311 vobis

246 3365 465 3462 posterisque.
493 3361 607 3436 vestris
629 3367 872 3454 memoratoque
895 3366 1004 3429 sancto
1019 3364 1052 3428 et
1065 3354 1241 3428 venerabili
1263 3363 1371 3428 vestro
1394 3357 1589 3429 monasterio
1612 3382 1673 3432 so·

248 3494 336 3566 lidos
359 3491 489 3584 triginta
511 3509 569 3562 sex
591 3487 794 3585 bptbianteos
808 3495 842 3561 et
863 3486 924 3560 hec
946 3483 1092 3556 chartula
1114 3483 1253 3578 qualiter
1267 3483 1409 3555 continet
1431 3483 1473 3554 sit
1495 3484 1588 3556 firma
1605 3484 1675 3556 im-

248 3629 460 3715 perpetuum.
477 3617 585 3702 Quom
608 3616 753 3688 chartula
776 3615 859 3687 sicut
881 3611 1030 3710 superius
1052 3611 1172 3708 legitur
1195 3634 1213 3680 a
1236 3633 1290 3683 me
1313 3611 1430 3686 factam
1453 3609 1586 3683 iohanni
1609 3633 1676 3684 cu·

250 3745 330 3816 riali
355 3742 494 3815 scribere
516 3740 630 3834 rogari
654 3760 712 3834 per
735 3737 911 3810 indictione
935 3745 1112 3810 memorata
1134 3735 1428 3835 quartadecima†

354 3869 427 3940 Hoc
451 3869 580 3962 signum
594 3861 625 3962 †
639 3883 754 3937 monus
777 3861 948 3936 memorati
970 3861 1076 3933 basilii
1098 3861 1197 3935 lsabri
1219 3864 1309 3960 quod
1324 3885 1387 3958 ego
1406 3863 1465 3959 qui
1484 3871 1678 3936 memoratos
1705 3915 1708 3926 .
1733 3891 1736 3900 ·

251 4017 319 4092 pro
342 4013 418 4066 eum
443 3989 616 4086 subscripsi
636 3985 670 4084 †

353 4125 469 4215 †ego
491 4118 629 4214 sergius
643 4113 771 4189 curialis
798 4123 931 4208 rogatus
954 4137 973 4184 a
996 4123 1176 4186 memorato
1208 4112 1322 4184 basilio
1351 4113 1423 4184 testi
1450 4113 1622 4208 subscripsi
1646 4116 1679 4210 †

354 4243 467 4340 †ego
488 4245 628 4318 stelenus
650 4241 735 4316 lilius
758 4238 881 4314 domiui
903 4239 1016 4312 coeni
1040 4247 1173 4336 rogetus
1189 4261 1208 4309 a
1226 4235 1444 4334 suprascripto
1466 4235 1581 4310 basilio
1604 4241 1677 4312 testi

254 4371 434 4467 subscripsi
456 4367 489 4464 †
1051 4463 1102 4480 .—

353 4498 385 4592 †
411 4503 502 4573 noo
533 4499 795 4572 enonorore
833 4497 1009 4564 omrorc
1047 4500 1109 4566 mr
1146 4495 1348 4566 rrnronu
1387 4497 1614 4565 rorsrorc
1652 4497 1682 4566 A

250 4598 366 4699 'cc‘r‘o
397 4631 569 4696 nsmmo
601 4625 726 4692 nncrr
754 4593 867 4689 'offis
890 4611 922 4708 †
1170 4591 1177 4598 “
1716 4699 1721 4708 ,

356 4745 388 4843 †
410 4749 482 4842 Ego
504 4745 660 4818 lohannes
682 4740 819 4843 Curinlis
841 4741 1009 4840 complevi
1032 4751 1065 4818 et
1087 4742 1211 4818 absolvi
1232 4767 1291 4840 per
1306 4739 1481 4818 indictione
1501 4757 1677 4818 memorata

259 4879 501 4978 quaereres
525 4875 557 4973 †
