4876 6532
894 902 1002 978 CXIV.

333 1156 365 1252 ἰ
387 1159 423 1230 in
446 1157 578 1231 nomina
601 1156 726 1230 domini
748 1157 802 1232 dei
824 1157 992 1230 salvatoris
1014 1159 1121 1230 nostri
1141 1159 1239 1230 ihesu
1261 1156 1383 1232 Christi
1404 1157 1586 1256 imperante
1602 1169 1667 1239 do-
1732 1203 1790 1252 an,
1894 1172 1904 1188 '

243 1281 332 1354 mino
354 1290 465 1352 nostro
487 1281 625 1355 niciforo
649 1309 670 1358 a
692 1283 754 1358 deo
777 1295 930 1356 coronato
955 1306 1075 1378 magno
1105 1286 1303 1376 imperatore
1326 1304 1412 1353 anno
1443 1288 1585 1358 seeundo
1610 1290 1664 1362 die
1717 1312 1803 1377 oss,

243 1409 392 1481 vicesima
416 1411 536 1482 mensis
558 1409 687 1505 augusti
711 1410 885 1484 indictione
908 1409 1021 1482 notabo
1054 1409 1205 1504 neapoli:
1231 1407 1365 1482 Certum
1389 1419 1437 1482 eet
1460 1433 1513 1504 me
1537 1412 1663 1488 leonem

243 1533 346 1606 titium
369 1537 535 1630 quondam
557 1537 627 1610 ursi
650 1537 690 1611 dc
713 1539 820 1610 miano
843 1559 909 1610 uua
931 1559 1008 1610 cum
1030 1557 1188 1608 consensu
1216 1537 1372 1630 eupraxia
1395 1537 1534 1632 coniuge
1557 1561 1659 1610 mea:

242 1663 273 1734 A
305 1663 446 1756 presenti
470 1665 523 1736 die
546 1664 763 1758 promtissima
796 1665 963 1739 voluntate
995 1664 1180 1737 venundedi
1211 1674 1245 1736 et
1278 1663 1397 1736 tradidi
1422 1663 1480 1734 tibi
1508 1668 1661 1763 gregorio

243 1791 379 1864 ferrario
403 1791 470 1862 filio
492 1793 658 1886 quondam
680 1792 767 1866 leoni
788 1791 939 1866 ferrarii:
965 1791 1049 1865 idest
1071 1793 1197 1888 integra
1220 1792 1338 1888 petiole
1352 1793 1393 1864 de
1409 1803 1494 1864 terra
1517 1817 1589 1866 mea
1606 1799 1665 1892 qui

243 1915 327 1985 mibi
349 1913 481 1988 obbenit
503 1936 563 2008 per
585 1915 766 1988 chartulam
789 1915 971 1990 donationis
992 1917 1160 2013 aquidem
1181 1927 1274 2012 petro
1298 1915 1458 1988 monacho
1473 1917 1575 1988 sancti
1591 1939 1665 1992 meo

242 2049 278 2109 et
300 2041 370 2132 ipsa
393 2040 539 2114 chartula
561 2041 622 2114 tibi
644 2042 680 2116 in
701 2044 843 2138 presenti
866 2043 941 2120 dedi
964 2043 1005 2116 de
1028 2049 1207 2116 memorata
1223 2050 1309 2114 terra
1324 2065 1389 2114 una
1404 2061 1480 2113 cum
1496 2041 1666 2114 arboribus

244 2174 279 2238 et
300 2165 469 2238 introitum
492 2191 589 2240 suum
604 2175 637 2242 et
651 2169 802 2242 omnibus
824 2169 887 2242 εἰνὶ
909 2169 1161 2265 pertinentibus:
1187 2177 1220 2242 ct
1242 2169 1374 2242 aoberet
1395 2168 1457 2241 εἰνὶ
1474 2170 1514 2242 dc
1531 2191 1598 2241 uno
1611 2168 1667 2240 la-

245 2299 314 2362 tare
336 2299 420 2362 terra
445 2301 552 2364 sancte
575 2291 777 2388 neapolitana
799 2295 933 2369 ecclesie
954 2295 1049 2370 sicuti
1071 2295 1157 2369 inter
1179 2293 1321 2389 sesopia
1344 2291 1465 2366 enfinat
1486 2301 1520 2366 et
1535 2293 1576 2366 de
1600 2315 1669 2364 uno

246 2416 345 2487 latere
368 2430 403 2488 et
424 2419 527 2512 capita
549 2417 682 2492 coberet
704 2419 759 2492 νίε
781 2419 905 2514 publici
927 2421 1023 2493 sicuti
1053 2419 1139 2494 inter
1169 2443 1204 2494 se
1227 2419 1346 2497 iterum
1375 2422 1460 2516 sepis
1492 2419 1612 2492 cxfinat
1635 2427 1669 2492 et

247 2546 288 2618 de
311 2543 376 2615 alio
398 2545 502 2640 eapite
524 2545 656 2620 coheret
678 2556 765 2620 terra
792 2547 832 2621 de
860 2547 982 2622 domati
1005 2549 1045 2622 de
1067 2549 1161 2622 leone
1184 2549 1224 2622 de
1247 2553 1344 2624 tenda
1370 2551 1458 2624 unde
1480 2547 1563 2620 nibil
1585 2547 1668 2620 mibi

247 2669 366 2744 exinde
389 2671 532 2766 aliquod
543 2675 698 2747 remansit
721 2682 778 2746 aut
800 2672 986 2746 reserbavi:
1012 2681 1061 2747 set
1084 2695 1126 2748 av
1149 2657 1358 2750 odiema‘oie
1375 2687 1408 2748 et
1430 2674 1580 2768 deinceps
1603 2673 1669 2745 iam

249 2797 334 2870 diota
356 2808 535 2874 memorata
550 2802 669 2898 petiole
692 2801 733 2875 de
756 2809 934 2874 memorata
947 2809 1033 2874 terra
1048 2801 1152 2898 posita
1174 2801 1210 2874 in
1233 2811 1412 2875 memorato
1426 2801 1500 2872 loco
1515 2825 1579 2872 una
1594 2821 1670 2872 com

249 2921 420 2998 arboribus
444 2933 477 2996 et
499 2924 670 2998 introitum
701 2947 798 2998 auum
821 2935 854 2997 et
876 2924 1029 2998 omnibus
1062 2925 1126 3000 εἰνὶ
1147 2924 1381 3022 pcrtinentibus
1416 2931 1575 3020 pateam
1609 2921 1670 2993 tibi

249 3045 319 3117 ibas
340 3069 399 3143 per
422 3055 616 3122 memoratas
640 3049 839 3124 coherenties
873 3048 1108 3124 insinuavimus
1136 3047 1222 3122 sicud
1254 3047 1403 3143 superius
1430 3046 1551 3142 legitur
1574 3069 1593 3114 a
1616 3065 1671 3114 ane
1806 3089 1809 3098 ·

250 3176 308 3247 tibi
331 3177 373 3248 sit
395 3178 592 3250 venundatae
616 3187 649 3250 et
671 3179 804 3252 traditas
827 3179 862 3250 iu
887 3187 942 3252 tua
965 3179 1096 3275 tuisque
1118 3175 1292 3250 heredibus
1308 3177 1373 3249 sint
1388 3181 1552 3272 potestate
1569 3174 1670 3271 quid·

249 3302 330 3396 quid
352 3304 470 3375 exinde
493 3305 599 3376 iacere
620 3303 806 3378 volueritis:
832 3312 865 3374 et
887 3325 993 3398 nequa
1009 3327 1028 3372 a
1043 3325 1097 3373 me
1112 3324 1188 3374 cum
1203 3321 1361 3372 consensu
1383 3307 1562 3372 memorata
1584 3320 1671 3369 aon·

250 3431 327 3523 iuge
349 3451 422 3502 mea
445 3454 551 3527 neque
577 3457 596 3502 a
618 3432 699 3505 meis
721 3431 895 3504 heredibus
907 3431 960 3502 vel
977 3428 1103 3502 anobis
1117 3427 1263 3521 personis
1282 3424 1461 3498 summissis
1477 3423 1568 3498 nullo
1582 3433 1671 3498 um-

252 3579 331 3650 porc
355 3580 533 3654 numquam
557 3571 594 3630 tu
617 3568 673 3629 aot
696 3557 831 3630 heredes
854 3558 919 3630 tuis
943 3557 1031 3652 quod
1055 3554 1138 3626 absit
1164 3551 1284 3624 abeatis
1315 3549 1433 3622 exinde
1464 3571 1671 3645 quiscumque

251 3685 461 3780 requisitione
484 3697 541 3758 aut
564 3686 710 3757 molestia
733 3685 776 3756 ba
799 3707 886 3756 nunc
902 3693 935 3754 et
950 3683 985 3756 in
1000 3681 1163 3778 perpetuis
1181 3679 1396 3774 temporibus:
1423 3679 1557 3772 Insuper
1580 3677 1672 3748 omni

252 3822 398 3905 tempore
420 3835 483 3905 ego
505 3821 538 3884 et
560 3812 694 3883 heredes
717 3812 798 3883 meis
822 3811 939 3884 exinde
963 3809 1004 3880 ab
1027 3809 1116 3882 omui
1139 3807 1274 3880 bomine
1297 3805 1453 3902 omnique
1475 3823 1613 3899 pcraorn
1636 3803 1672 3874 in

252 3939 402 4012 omnibus
424 3939 483 4011 tibi
499 3939 628 4033 tuisque
644 3938 818 4010 heredibus
835 3945 992 4010 antestare
1015 3945 1049 4009 et
1071 3937 1235 4008 defensare
1249 3935 1422 4006 demamus
1437 3938 1569 4026 propter
1584 3930 1674 4024 quod

254 4067 400 4159 accepia
424 4075 457 4138 te
480 4066 561 4135 idest
592 4065 664 4134 auri
688 4038 751 4134 tari
783 4071 906 4156 septem
929 4067 967 4132 ut
989 4060 1074 4133 inter
1104 4060 1197 4132 nobis
1231 4057 1421 4133 oombcnit:
1456 4057 1674 4128 Veruntamen

252 4194 339 4264 stetit
360 4191 453 4264 uobis
476 4203 514 4262 ut
537 4192 733 4285 quandoque
756 4211 819 4282 ego
843 4197 876 4260 et
897 4187 1031 4260 heredes
1054 4188 1135 4261 meis
1171 4187 1212 4258 ad
1236 4185 1457 4258 antestandom
1488 4183 1674 4256 venerimus

254 4325 330 4386 tnnc
353 4325 390 4386 tu
413 4325 446 4386 ct
468 4315 601 4386 heredes
625 4315 688 4384 tuis
711 4312 804 4384 nobis
829 4289 906 4385 dare
930 4311 1071 4386 demeris
1094 4314 1162 4408 ipsa
1178 4312 1323 4384 chartula
1338 4333 1438 4406 quam
1452 4307 1513 4379 tibi
1529 4307 1675 4382 dedimus

254 4447 293 4518 ad
318 4446 414 4516 finem
437 4444 618 4514 iaciendum
641 4453 674 4514 et
696 4453 807 4537 postea
831 4442 924 4512 vobis
947 4441 1017 4512 illas
1040 4444 1202 4514 retdamus
1225 4439 1373 4535 quisita
1394 4435 1487 4508 nobis
1510 4438 1617 4508 stetit:
1644 4435 1675 4506 si

254 4581 361 4643 autem
384 4595 447 4666 ego
470 4583 525 4642 aut
549 4571 683 4642 heredes
707 4569 787 4641 meis
811 4570 903 4640 aliter
917 4570 1087 4642 fecerimus
1103 4571 1142 4640 de
1158 4567 1210 4640 his
1224 4566 1376 4640 omnsstus
1391 4567 1579 4638 memoratis
1594 4575 1673 4637 tunc

255 4697 477 4792 componimus
492 4697 550 4767 tibi
564 4698 691 4792 tuisque
706 4697 878 4768 heredibus
893 4694 964 4766 auri
974 4695 1092 4767 solidos
1107 4693 1223 4789 biginti
1237 4692 1441 4790 bythiantcos
1453 4702 1487 4765 ct
1499 4692 1561 4765 hec
1572 4691 1673 4764 cbar-

257 4827 319 4896 tula
343 4826 386 4896 ait
408 4827 503 4896 firma
525 4824 640 4916 scripta
665 4848 723 4917 per
738 4847 852 4893 manos
867 4822 1015 4892 iohannis
1031 4821 1168 4894 Cerialis
1184 4845 1242 4918 per
1256 4829 1434 4895 memorata
1450 4820 1626 4894 indictione
1641 4817 1673 4912 †

257 4951 317 5023 hoc
341 4953 471 5046 signum
494 4949 525 5046 †
548 4975 660 5026 manos
685 4959 863 5024 memorato
887 4951 979 5022 leone
995 4973 1071 5021 cum
1087 4971 1244 5022 consensu
1259 4959 1437 5022 memorata
1460 4949 1599 5044 coniuge
1614 4967 1673 5018 sua

355 5081 419 5150 Vot.
444 5083 491 5154 ΙΙ.
1281 5089 1321 5148 18
