4854 6528
901 700 1044 800 (159)
1141 656 1144 668 .

256 891 347 941 sacro
370 867 517 964 dypticos
539 875 662 940 vestros
685 866 720 935 in
743 854 874 938 omnem
897 865 1056 936 decisione
1080 889 1138 938 seu
1153 865 1423 942 deliberationem.
1440 871 1526 956 Quia
1541 878 1586 946 ito
1600 877 1684 950 inter

257 995 350 1066 nobis
373 991 544 1064 combenit.
568 990 606 1062 Si
629 1003 738 1064 eutem
761 1013 823 1084 ego
847 1000 903 1061 aut
924 989 1057 1062 heredes
1080 991 1160 1062 meis
1183 993 1301 1087 quovis
1316 1005 1460 1088 tempore
1473 1008 1584 1071 contre
1598 1002 1682 1074 bunc

258 1117 436 1190 chartulam
458 1117 651 1189 venditionis
674 1127 712 1189 ut
734 1140 831 1211 super
852 1115 971 1210 legitur
993 1116 1104 1188 venire
1127 1120 1391 1211 presumserimus
1414 1131 1447 1192 et
1470 1125 1601 1200 minime
1618 1131 1681 1202 cd-

258 1241 497 1338 impleverimus
519 1243 580 1314 bec
603 1245 713 1316 omnin
736 1252 913 1314 memorata
928 1253 960 1314 et
974 1245 1009 1314 in
1031 1241 1153 1336 aliquid
1176 1241 1288 1312 offensi
1304 1243 1460 1314 fuerimus
1484 1269 1542 1338 per
1565 1251 1683 1341 quouis

258 1371 391 1444 modum
414 1379 471 1442 ant
493 1370 670 1442 summissis
697 1367 850 1464 personis.
873 1375 952 1438 tnnc
985 1366 1207 1462 componimus
1229 1365 1321 1438 vobis
1343 1368 1544 1464 posterisque
1568 1375 1682 1446 vestris

258 1498 328 1571 curi
350 1499 469 1572 solidos
491 1520 550 1568 sex
572 1497 790 1592 bytbianteesz
807 1505 840 1568 et
855 1496 916 1568 bec
939 1496 1082 1568 chartule
1105 1495 1243 1590 qualiter
1266 1496 1407 1566 continet
1429 1498 1522 1568 firma
1544 1522 1680 1592 perma-
1795 1569 1798 1577 Δ

256 1636 330 1699 nent
352 1627 599 1720 imperpetuum.
631 1626 751 1722 scripto
773 1648 833 1720 per
854 1647 969 1698 munus
995 1625 1128 1698 iohanni
1159 1623 1288 1694 curialis
1316 1623 1455 1696 scribere
1486 1629 1599 1720 rogavi
1623 1652 1682 1724 per

257 1753 433 1827 indictione
454 1761 633 1825 memorata
656 1755 783 1828 decima
805 1753 837 1847 †

353 1879 427 1951 Hoc
449 1877 578 1972 signum
600 1875 632 1971 †
654 1900 772 1952 manus
795 1877 966 1949 memorati
988 1877 1122 1948 iohanni
1145 1879 1235 1972 quod
1259 1901 1321 1972 ego
1343 1879 1401 1974 qui
1416 1890 1608 1952 memoratos
1622 1905 1682 1976 pro

258 2029 334 2079 enm
358 2007 532 2101 subscripsi
556 2016 589 2078 et
613 2007 787 2080 memorati
809 2007 873 2078 teri
896 2007 1031 2078 traditos
1054 2007 1122 2080 vidi
1145 2005 1177 2101 †

353 2133 470 2232 †ego
500 2137 655 2210 iohannes
685 2137 871 2210 scriniarius
901 2143 1033 2232 rogetus
1055 2161 1075 2206 a
1098 2149 1276 2212 memorato
1309 2141 1447 2216 iohanne
1475 2145 1563 2217 testis
1598 2147 1682 2218 snb-

257 2263 369 2359 scripsi
394 2273 427 2335 et
449 2265 619 2335 memorati
640 2267 707 2336 'tori
734 2265 868 2337 traditos
892 2265 961 2338 bidi
985 2263 1017 2358 †

353 2383 471 2482 †ego
493 2390 633 2458 stefanus
657 2389 743 2462 filius
767 2389 892 2461 domini
926 2389 1060 2482 aligerni
1088 2373 1237 2464 monachi
1264 2405 1396 2489 rogatus
1423 2425 1442 2470 e
1466 2401 1682 2496 suprascripto

258 2514 396 2586 iobannc
420 2515 493 2586 testi
516 2513 690 2607 subscripsi
714 2523 747 2586 et
769 2515 979 2610 suprascripti
1002 2517 1063 2587 tari
1088 2519 1218 2590 traditos
1239 2521 1362 2620 bidi†

354 2641 470 2737 †ego
504 2633 660 2714 iohannes
692 2643 780 2717 tilius
811 2642 898 2715 idem
931 2645 1053 2718 domini
1075 2646 1222 2720 iohannis
1255 2663 1388 2746 rogatus
1420 2631 1678 2752 usuprascripto

259 2769 400 2842 iobcnne
423 2770 498 2841 testi
521 2768 695 2864 subscripsi
719 2779 752 2843 et
773 2770 980 2866 suprascripti
1003 2772 1064 2842 tari
1090 2774 1222 2848 traditos
1244 2777 1314 2850 bidi
1337 2779 1369 2875 ·1·

354 2895 481 2991 †Ego
504 2895 659 2971 iohannes
678 2899 819 2972 emistis
850 2897 1017 2996 Complevi
1041 2909 1074 2975 et
1097 2903 1219 2977 absolvi
1252 2929 1311 3001 per
1343 2907 1518 2982 indictione
1550 2930 1681 3000 memo-

258 3033 327 3093 rato
351 3019 531 3117 docimr†
