4876 6532
885 681 903 771 (
928 681 1008 776 99)

851 964 1007 1050 seru.

330 1221 361 1313 †
385 1223 422 1292 in
445 1195 573 1298 romine
599 1216 725 1290 domini
748 1217 800 1289 dei
823 1217 991 1288 seirriorir
1015 1217 1116 1292 nostri
1133 1217 1226 1291 ibere
1251 1215 1370 1290 Christi
1393 1220 1572 1312 Imperante
1587 1223 1653 1292 doe
1726 1251 1781 1298 eo.

241 1348 328 1417 mino
350 1353 462 1416 rouro
486 1365 621 1414 romano
645 1363 765 1434 magno
779 1341 975 1436 Imperatore
988 1363 1074 1414 enno
1086 1342 1224 1438 septimo
1248 1343 1396 1416 dec'urror
1422 1345 1479 1426 sed
1492 1357 1527 1418 et
1543 1342 1657 1418 bosiiio
1707 1367 1791 1428 962.

241 1491 358 1566 magno
373 1473 567 1566 imperatore
584 1471 654 1544 eins
670 1469 738 1541 tilio
755 1491 838 1546 anno
855 1471 1008 1543 secundo.
1026 1469 1089 1543 Die
1104 1471 1345 1544 vicesimasexte
1370 1472 1488 1544 monde
1499 1472 1653 1544 bernarii

112 1605 119 1618 '
242 1595 415 1667 indictione
451 1595 565 1690 quinte
593 1595 745 1689 neapolis
779 1597 913 1668 &num
944 1604 992 1668 est
1024 1616 1078 1668 me
1111 1615 1193 1667 rnre
1219 1595 1377 1668 bnmiiern
1397 1595 1570 1668 ’montena
1589 1596 1657 1668 iiio

242 1725 406 1818 quondum
439 1721 564 1795 demini
588 1725 691 1798 nicee
718 1733 751 1795 et
772 1721 939 1820 quondm
969 1727 1102 1799 domino
1131 1726 1357 1798 theodononde
1381 1724 1655 1798 reuerterentur

242 1849 401 1942 iugalium
423 1861 659 1943 pomoerium:
692 1850 722 1920 Α
756 1852 895 1944 presenti
932 1853 984 1925 die
1019 1851 1236 1946 promtirdma
1259 1851 1425 1923 voirrntate
1453 1861 1516 1944 pro
1539 1851 1661 1922 domini

244 1991 389 2046 emmone
411 1985 445 2046 et
469 1971 696 2068 redemptionis
719 1976 827 2050 anime
859 1995 932 2056 mee
960 1971 1062 2048 ereio
1090 1985 1124 2046 st
1153 1978 1247 2048 uado
1269 1974 1362 2048 robis
1387 1973 1521 2045 domino
1552 1975 1661 2067 rugio

243 2099 421 2170 vonerabiii
444 2101 600 2192 igumeno
622 2105 807 2175 monostemi
831 2112 1017 2176 sambrum
1041 2105 1190 2178 theodori
1214 2113 1247 2176 et
1259 2101 1438 2176 -eebestirrri
1462 2104 1520 2195 qui
1542 2101 1661 2194 appel»

245 2221 330 2292 intur
354 2233 426 2327 uren
449 2223 534 2316 picta
555 2223 664 2295 sitrrru'·
678 2227 711 2296 io
735 2229 891 2300 viridario
913 2237 948 2302 et
970 2252 1029 2324 per
1047 2249 1106 2302 vos
1121 2231 1156 2300 iu
1172 2229 1286 2300 eodem
1309 2235 1418 2300 sancto
1432 2237 1467 2298 et
1486 2223 1661 2298 venerabili
1706 2293 1711 2304 ,

247 2351 582 2420 remouooresterir.
606 2345 699 2423 iDest
721 2351 846 2448 integra
869 2353 1020 2448 portione
1043 2361 1221 2424 memorute
1246 2351 1398 2446 genitrici
1420 2373 1492 2426 mee
1516 2353 1557 2424 dc
1583 2373 1663 2422 om·

250 2495 323 2544 nem
347 2473 591 2546 inmoviliorum
623 2475 800 2574 hereditate
824 2479 864 2550 dc
887 2479 967 2550 foris
990 2478 1049 2573 qui
1073 2478 1114 2548 ad
1138 2502 1176 2560 ee
1199 2475 1354 2573 pertinuit
1383 2501 1442 2572 per
1465 2476 1664 2571 genitoribus

246 2602 315 2671 suis
345 2617 410 2672 una
434 2595 704 2675 cnma'rroribu's
726 2602 902 2676 fructiferis
925 2603 978 2676 rel
998 2605 1209 2677 inbuetiieris
1229 2607 1328 2679 ¹simul
1350 2626 1428 2676 euro
1450 2606 1596 2676 introitus
1612 2627 1665 2674 ea·

252 2747 326 2796 rum
349 2725 576 2823 omnibusque.
593 2729 633 2800 ad
651 2737 828 2800 memorate
853 2729 1003 2824 portione
1025 2739 1202 2803 memorate
1222 2730 1372 2826 genitrici
1385 2753 1458 2802 mer
1471 2729 1664 2824 geuerriin
1684 2790 1688 2798 ,

246 2853 482 2950 perinentibus
506 2855 564 2949 qui
587 2855 724 2927 indivisa
750 2853 870 2930 reiaoet
900 2878 976 2928 curu
1007 2855 1212 2952 portionibus
1240 2859 1282 2929 de
1315 2856 1431 2928 comus
1464 2853 1666 2928 consortibus

129 3036 133 3044 .
253 2975 344 3046 meis.
369 2977 417 3046 De
441 2999 509 3072 que
532 2975 613 3048 nibil
636 2978 717 3049 mibi
741 2981 858 3052 exinde
881 2981 1012 3077 aiiquod
1036 2979 1188 3054 remansit
1210 2991 1267 3052 aut
1280 2979 1444 3052 resemavi
1457 2999 1519 3048 rec
1534 2978 1570 3048 in
1584 2977 1667 3046 aiio·
1795 2961 1800 2967 ’

246 3113 327 3172 nem
351 3119 520 3196 personam
544 3105 692 3178 commisi
716 3117 916 3202 potestetem.
941 3117 1078 3202 excepto
1101 3131 1159 3181 sex
1182 3108 1292 3180 modia
1314 3129 1373 3202 per
1395 3125 1503 3200 meroe
1527 3123 1663 3177 mensu-

255 3235 338 3296 ratas
360 3227 455 3297 sicuti
479 3231 676 3328 consuetudo
699 3241 746 3304 est
769 3254 955 3305 mensurare
971 3231 1012 3304 ad
1027 3252 1156 3326 pessum
1178 3233 1323 3302 ferreum
1345 3237 1453 3300 rante
1467 3225 1668 3320 neopolitano

250 3353 387 3426 ecrioeie
411 3353 468 3425 ubi
492 3379 545 3428 eas
569 3357 686 3430 exinde
701 3358 844 3452 heliqcre
866 3359 1003 3430 voluero
1023 3366 1131 3452 quem·
1149 3357 1184 3429 in
1200 3379 1270 3427 mer
1295 3354 1457 3426 reservari
1478 3360 1669 3446 potestatem

256 3499 384 3571 queque
409 3479 526 3550 exinde
550 3478 655 3554 fecere
680 3482 841 3557 voluero:
867 3482 914 3552 lte
938 3491 975 3554 ut
999 3482 1041 3552 ha
1063 3501 1150 3552 nnnc
1173 3488 1206 3551 et
1229 3479 1379 3570 deinceps
1408 3481 1585 3546 memorre
1605 3474 1667 3543 r'n-

256 3611 344 3694 tegra
368 3603 516 3698 portione
539 3617 716 3678 memorate
741 3607 886 3700 genitrici
911 3627 983 3679 mee
1001 3629 1042 3678 ex
1059 3607 1128 3700 iper
1146 3625 1277 3674 ornnem
1300 3599 1550 3673 inmoriiiorum
1568 3598 1670 3669 herc·-¹

257 3729 357 3800 ditute
379 3731 419 3801 de
443 3731 521 3802 foris
544 3715 602 3826 qui
627 3733 667 3803 ad
691 3758 729 3804 ea
753 3733 907 3827 pertinuit
929 3725 988 3826 per
1010 3731 1211 3826 genitoribus
1233 3728 1301 3802 suis
1324 3751 1390 3798 una
1413 3747 1489 3798 cum
1503 3723 1671 3796 erroribus

258 3855 426 3928 fructiferis
449 3857 501 3928 vel
525 3857 731 3930 infructiferis
755 3859 852 3929 simul
876 3880 951 3928 cum
975 3857 1122 3928 introitas
1145 3879 1258 3928 earum
1280 3853 1505 3947 omnibusque.
1528 3851 1574 3922 eis
1591 3872 1672 3944 per-

259 3981 431 4052 tinentibus
454 3985 538 4056 unde
562 3983 643 4054 nihil
666 3985 748 4056 mihi
772 3985 888 4058 exinde
912 3985 1064 4056 remansit
1087 3993 1143 4054 eut
1167 3982 1330 4055 reservavi
1353 3990 1489 4074 excepto
1522 3979 1591 4072 ipse
1615 3999 1672 4046 sex
1750 4037 1753 4042 .

260 4109 365 4179 modia
390 4134 487 4204 quem
511 4111 592 4182 mihi
616 4114 733 4184 exinde
757 4113 919 4185 reservavi
955 4122 1115 4208 quatenus
1147 4109 1401 4206 sicutsuperius
1429 4108 1592 4202 legitera
1618 4127 1672 4174 me

261 4235 351 4306 robis
374 4248 406 4306 et
428 4259 486 4330 per
508 4237 616 4309 rosio
633 4241 746 4328 eodem
771 4253 879 4312 sancto
896 4251 929 4316 et
944 4240 1119 4314 venerabili
1142 4248 1251 4312 vestro
1274 4239 1469 4310 monasterio
1493 4237 1557 4306 sint
1580 4233 1674 4304 obia-

261 4371 330 4431 rum
355 4371 388 4432 et
410 4363 563 4432 traditum
580 4365 818 4436 adherendum
842 4366 888 4436 ibi
912 4366 992 4438 iilud
1010 4367 1044 4438 in
1060 4367 1292 4458 sempiternum
1309 4374 1341 4435 et
1355 4385 1495 4458 nequer
1519 4385 1571 4434 ure
1595 4384 1673 4432 me·-

262 4499 384 4558 morata
420 4512 500 4564 anna
532 4491 688 4561 humilem
720 4491 876 4563 monache
907 4517 1014 4586 neque
1046 4519 1065 4563 a
1096 4494 1177 4563 meis
1211 4491 1384 4562 heredibus
1416 4487 1506 4560 nullo
1529 4497 1674 4582 tempore

263 4635 429 4708 nunquam
450 4637 510 4684 vos
533 4624 727 4685 memoratus
751 4615 899 4685 dominus
922 4616 1046 4708 sergius
1069 4614 1259 4687 venerabilis
1283 4615 1454 4704 igumenar
1470 4621 1526 4684 aut
1540 4611 1676 4706 posteris

263 4737 375 4808 restris
400 4761 459 4808 nec
482 4749 678 4810 memoratus
701 4751 827 4808 sanetus
851 4751 884 4808 et
907 4739 1097 4810 venerabilis
1120 4739 1225 4810 hester
1248 4737 1459 4811 monasterius
1482 4735 1572 4832 quod
1595 4733 1677 4806 absit

264 4863 404 4936 habeatis
428 4865 544 4938 exinde
559 4867 728 4961 aliquando
745 4890 949 4962 quecumque
966 4868 1208 4961 requisitionem
1232 4879 1289 4938 aut
1311 4865 1457 4938 molestia
1473 4889 1532 4961 per
1547 4865 1675 4938 nullum

264 4991 396 5064 modum
429 5015 489 5062 nec
518 5015 575 5088 per
598 4993 773 5065 summissis
796 4993 940 5086 personis
972 4992 1014 5063 ha
1047 5015 1132 5063 nunc
1157 5003 1189 5063 et
1211 4991 1421 5089 imperpetuis
1451 4989 1673 5085 temporibus:
