4876 6532
912 635 1028 730 (9⁷)

913 917 1021 990 XCl'l.

349 1174 439 1270 †ln.
456 1176 587 1246 nomine
600 1173 722 1245 domini
742 1173 792 1244 dei
810 1171 976 1242 salvatoris
989 1163 1092 1240 nostri
1101 1169 1196 1240 lbesu
1206 1167 1326 1240 Christi
1342 1171 1523 1263 lmperante
1538 1175 1671 1244 demine
1740 1205 1796 1250 an.
1862 1249 1872 1258 ,

259 1310 368 1372 nostro
390 1321 526 1372 romano
549 1289 780 1392 porfirogenito
804 1317 922 1398 magno
943 1297 1140 1388 Imperatore
1156 1317 1241 1364 enno
1257 1295 1543 1388 septimodecimo:
1570 1299 1673 1368 sedet
1727 1317 1813 1378 96²2.

260 1427 370 1498 basilio
393 1449 513 1522 magno
536 1425 732 1520 imperatore
756 1421 826 1493 eius
844 1419 912 1490 filio
928 1443 1013 1490 anno
1028 1420 1170 1491 secundo
1185 1421 1238 1491 die
1255 1427 1370 1514 quarta
1385 1419 1504 1492 mensis
1519 1418 1673 1490 februarii

260 1553 434 1626 indictione
457 1552 570 1648 quinta
593 1549 720 1644 neapoli
736 1573 745 1618 ε
771 1550 903 1620 Certum
928 1558 976 1619 est
998 1569 1059 1618 nos
1073 1556 1202 1642 petrum
1218 1547 1374 1617 curialem
1390 1549 1495 1619 filium
1508 1550 1673 1642 quondam

260 1681 381 1754 domini
407 1678 547 1773 campuli
571 1687 604 1749 et
626 1677 735 1772 sergio
758 1675 811 1747 eui
836 1697 931 1769 supra
955 1697 1073 1745 nomen
1106 1673 1231 1769 pictulo
1265 1673 1333 1746 filio
1357 1675 1521 1770 quondam
1549 1676 1674 1745 domini

260 1805 392 1876 iohanni
424 1803 487 1873 boe
511 1812 560 1872 est
587 1799 717 1871 insimul
741 1801 891 1874 exadelfis
927 1801 1113 1893 germanis:
1152 1800 1181 1870 A
1213 1799 1351 1892 presenti
1371 1798 1436 1870 -die
1459 1797 1677 1892 promtissima

260 1929 426 1999 voluntate
450 1925 727 2000 Commutabimos
751 1936 784 1996 et
806 1925 1000 1996 tradidimus
1015 1923 1115 1995 uobis
1132 1925 1266 1996 domino
1281 1924 1387 2019 sergio
1401 1923 1576 1996 venerabili
1592 1947 1675 2018 ygn-

216 2146 220 2156 .
266 2072 364 2122 meno
393 2050 578 2122 monasterii
612 2059 796 2119 sanctorum
830 2048 928 2142 sergii
956 2061 989 2122 et
1010 2049 1120 2120 bascbi
1144 2051 1202 2145 qui
1224 2072 1310 2121 nunc
1334 2057 1546 2142 congregatus
1569 2059 1618 2120 est
1641 2051 1676 2120 in

262 2177 458 2248 monasterio
481 2187 666 2247 sanctorum
689 2177 838 2248 theodori
875 2188 910 2249 et
941 2176 1110 2248 eenasmni
1136 2179 1169 2249 in
1192 2178 1266 2249 loeo
1289 2178 1348 2271 qui
1372 2177 1559 2248 nominatur
1583 2200 1679 2248 casa-

263 2306 347 2400 picta
371 2303 469 2373 situm
502 2303 536 2372 in
559 2302 751 2374 viridiario:
791 2305 875 2374 ldest
906 2304 1031 2397 integra
1063 2327 1128 2375 uns
1161 2314 1247 2375 terra
1271 2315 1380 2376 nostra
1404 2329 1469 2399 que
1491 2305 1679 2376 nominatur

237 2523 240 2530 ι
264 2430 356 2502 binea
381 2429 439 2524 qui
463 2429 525 2498 luit
548 2429 589 2498 de
611 2427 664 2497 illa
690 2451 882 2522 grummusa
907 2432 1010 2524 posita
1034 2429 1068 2500 in
1091 2430 1298 2502 cambranem
1326 2432 1492 2504 territorio
1517 2433 1679 2526 plegiense

266 2555 337 2625 Una
360 2573 436 2622 cum
452 2549 622 2654 arboribus
636 2560 669 2621 et
678 2551 852 2621 introitum
867 2573 963 2624 suum
979 2563 1011 2624 et
1029 2553 1181 2624 omnibus
1196 2555 1257 2626 sivi
1273 2555 1525 2648 pertinentibus:
1543 2554 1681 2626 habente

267 2679 339 2750 finis
362 2705 380 2748 a
403 2689 493 2772 perte
515 2678 647 2749 orientis
671 2679 842 2749 coniuncta
866 2689 913 2750 est
936 2702 1013 2754 cunr
1037 2680 1225 2754 intersicum
1248 2689 1396 2754 nostrum
1420 2697 1519 2776 quem
1543 2703 1602 2752 vos
1620 2703 1678 2751 no-

267 2807 317 2878 bis
339 2808 374 2878 in
398 2805 598 2878 comcambio
621 2806 777 2880 dedistitis
800 2809 967 2903 quomodo
997 2810 1151 2884 termines
1179 2811 1299 2883 exlinat
1321 2811 1417 2883 simul
1442 2819 1475 2882 et
1498 2833 1573 2881 com
1597 2810 1678 2881 reli·

268 2955 371 3028 quum
395 2957 437 3003 ex
459 2931 566 3026 ipsum
588 2931 774 3004 intersicum
798 2957 896 3028 quem
920 2933 954 3004 in
978 2945 1083 3006 restra
1105 2935 1317 3007 reserbestitis
1341 2945 1530 3030 potestatem
1548 2945 1580 3006 et
1595 2935 1685 3004 badit

268 3057 336 3151 ipse
360 3055 526 3128 intersicns
548 3067 656 3128 restro
679 3079 777 3150 quem
800 3056 835 3126 in
858 3065 965 3132 vestra
988 3057 1198 3130 reserbastitis
1222 3067 1411 3153 potestatem
1435 3081 1539 3154 usque
1563 3057 1598 3128 in
1622 3058 1685 3128 fine

272 3181 312 3253 de
336 3193 421 3253 terra
446 3181 703 3276 congregationis
719 3191 752 3252 et
766 3181 899 3256 ecclesie
922 3181 1086 3256 sebeniaus
1110 3186 1278 3280 quomodo
1302 3185 1455 3256 termines
1470 3184 1613 3256 exfinat:
1639 3185 1686 3256 sic

271 3309 357 3382 badit
381 3323 505 3383 rectum
528 3312 563 3380 in
586 3311 648 3383 line
672 3311 822 3384 deterre
855 3319 1035 3383 memorate
1059 3312 1191 3384 ecclesie
1214 3313 1399 3384 seberiane:
1427 3321 1459 3384 et
1482 3336 1501 3382 a
1524 3319 1615 3406 parte
1639 3334 1687 3381 sc-

271 3437 471 3532 ptemtrionis
494 3439 625 3511 coheret
648 3439 700 3510 via
724 3437 880 3534 publicar
907 3449 940 3512 et
964 3466 983 3510 a
1005 3447 1096 3534 parte
1120 3439 1295 3510 occidentis
1320 3439 1451 3510 coberet
1467 3438 1563 3507 binea
1579 3445 1687 3509 vestra

272 3565 330 3657 qui
354 3563 416 3633 fuit
439 3565 478 3635 de
502 3564 549 3633 illi
573 3565 614 3634 de
638 3564 752 3636 curia:
789 3575 821 3636 et
846 3590 865 3636 a
888 3573 980 3659 parte
1012 3566 1190 3637 meridiana
1222 3562 1354 3635 coheret
1376 3571 1459 3635 terra
1483 3561 1596 3636 cessrb
1620 3561 1687 3631 lilio

273 3687 434 3782 quondum
457 3689 568 3782 gentili
584 3685 656 3762 calli
672 3691 837 3784 quomodo
851 3691 981 3784 egripus
997 3691 1136 3762 exfinat:
1155 3691 1247 3763 Unde
1263 3689 1344 3760 nihil
1358 3688 1451 3760 nobis
1466 3689 1585 3758 exinde
1600 3687 1688 3758 intus

274 3821 463 3881 memorales
486 3809 713 3904 quoherentias
736 3809 866 3904 aliquod
886 3809 1045 3908 'remansit
1069 3821 1125 3882 aut
1147 3809 1385 3883 reserbauimus
1407 3833 1467 3882 nec
1491 3809 1526 3880 in
1549 3808 1687 3879 alienam

275 3935 429 4029 cuiusque
452 3955 621 4028 personam
635 3935 725 4029 quod
740 3931 822 4004 absit
834 3932 982 4004 commisi
998 3941 1054 4004 aut
1077 3943 1133 4004 aut
1155 3933 1220 4004 iem
1232 3933 1464 4004 committimus
1478 3939 1682 4026 potestatem:

275 4074 307 4131 et
329 4089 348 4132 a
372 4063 511 4156 presenti
546 4063 599 4136 die
634 4071 666 4132 et
696 4061 844 4155 deinceps
866 4060 1089 4156 prenominata
1120 4071 1297 4131 memorata
1320 4061 1445 4155 integra
1468 4070 1554 4132 terra
1577 4069 1688 4130 nostra

276 4211 340 4282 que
374 4187 559 4260 nominatur
593 4185 689 4260 binea
720 4185 781 4279 qui
812 4185 875 4258 luit
909 4185 950 4260 de
973 4185 1028 4256 illa
1051 4207 1205 4280 grumusa
1228 4185 1331 4280 posita
1355 4186 1391 4256 in
1412 4193 1592 4256 memorato
1616 4185 1690 4255 loco

277 4317 443 4387 cambrane
466 4316 630 4388 territorio
653 4313 815 4409 plegiense
838 4337 904 4386 una
927 4335 1002 4384 cum
1027 4314 1196 4386 arboribus
1214 4323 1247 4386 et
1263 4311 1434 4384 introitum
1450 4335 1546 4384 surrm
1563 4323 1596 4384 et
1611 4336 1691 4384 om-

278 4444 370 4516 nibns
392 4443 454 4514 sivi
478 4442 709 4538 pertinentibus
733 4441 871 4538 qualiter
887 4466 945 4536 per
964 4452 1156 4514 memoratas
1171 4441 1399 4536 quoherentios
1423 4442 1693 4534 exegregavimus
1803 4479 1807 4486 ·

278 4582 314 4642 ut
336 4572 483 4666 superius
506 4572 624 4666 legitur
646 4570 732 4641 undo
752 4569 836 4640 nihil
858 4569 951 4640 nobis
976 4569 1063 4639 intus
1091 4577 1284 4639 memoratas
1309 4567 1536 4663 quoherentias
1560 4569 1694 4664 aliquod

278 4699 429 4771 remansit
452 4707 489 4768 ut
523 4721 619 4792 super
653 4697 772 4790 legitur
796 4722 814 4767 u
838 4694 932 4767 nobis
965 4695 1057 4766 vobis
1092 4695 1133 4766 sit
1157 4695 1360 4767 Commutata
1384 4705 1416 4768 et
1440 4695 1556 4768 tradita
1580 4695 1615 4765 in
1638 4719 1696 4767 ve·
1744 4725 1748 4738 ·

280 4833 341 4893 stra
366 4823 545 4915 vestrisque
567 4822 702 4914 posteris
726 4831 759 4894 et
782 4823 822 4894 de
845 4828 1025 4892 memorato
1047 4829 1156 4892 sancto
1185 4831 1218 4893 et
1241 4820 1417 4892 venerabili
1440 4829 1551 4892 restro
1574 4842 1695 4891 mona-

280 4949 376 5022 sterio
398 4957 569 5042 sanctaque
592 4957 697 5020 vestra
721 4947 1001 5044 congregationem
1017 4943 1250 5017 monachorum
1266 4946 1307 5017 sit
1323 4955 1511 5040 poesteem
1535 4945 1696 5042 quidquid

381 5075 445 5144 t'ot.
470 5075 516 5144 ΙΙ.
1304 5083 1345 5144 13
