4900 6528
915 685 1055 782 (25³)

260 861 405 947 temporo
427 855 539 923 contra
561 847 645 920 hunc
668 847 846 922 chartulam
871 849 1094 921 offertionisut
1111 870 1208 942 super
1221 849 1338 942 legitur
1362 848 1472 920 venire
1495 869 1684 942 presumse-

267 981 371 1052 rimns
406 987 439 1050 et
471 979 506 1050 iu
541 975 664 1072 aliquid
692 976 804 1048 offensi
838 975 996 1048 fuerimus
1020 999 1078 1069 per
1110 980 1229 1072 quovis
1262 977 1396 1048 modum
1429 987 1485 1048 aut
1514 976 1690 1050 summissis

262 1126 414 1200 personas
436 1113 515 1176 tunc
537 1101 765 1199 componimus
788 1100 881 1175 vobis
903 1102 1113 1195 posterisque.
1140 1101 1254 1172 vestris
1270 1103 1341 1173 curi
1357 1103 1474 1174 solidos
1491 1105 1604 1198 viginti
1621 1103 1689 1198 by·-

262 1231 431 1302 tbiuntoos.
457 1239 491 1302 et
513 1231 574 1302 bec
598 1231 744 1301 chartula
768 1229 907 1322 qualiter
930 1231 1073 1300 continet
1097 1230 1190 1300 firma
1220 1237 1407 1322 permaneat
1433 1229 1683 1324 imperpetuum.

262 1357 378 1450 scripse
402 1377 460 1448 per
482 1377 597 1425 munus
621 1354 753 1424 iobcnni
778 1353 907 1426 curicbs
930 1375 989 1446 per
1012 1353 1188 1424 indictione
1212 1364 1387 1426 memorum
1411 1351 1547 1446 sexta†
1605 1431 1609 1442 ⁸

358 1483 431 1553 Hoc
454 1482 584 1576 siguum
607 1504 723 1554 munus
746 1489 925 1554 memorate
949 1481 1048 1552 drosn
1072 1480 1205 1552 honeste
1219 1482 1338 1554 [emine
1353 1482 1442 1575 quod
1459 1505 1521 1576 ego
1541 1481 1599 1576 qui
1616 1505 1691 1555 me-

106 1601 109 1606 ’
177 1657 181 1666 ·
265 1617 408 1681 moratos
431 1630 493 1702 pro
515 1633 552 1679 eu
576 1607 750 1702 subscripsi
776 1612 807 1704 †

362 1735 394 1831 †
416 1757 479 1828 ego
502 1735 657 1809 iohannes
680 1732 853 1828 subscripsi
878 1732 909 1824 †

244 1893 247 1900 ·
362 1863 394 1958 †
417 1883 479 1958 ego
502 1860 677 1932 theodorus
702 1859 788 1930 filius
812 1857 937 1931 domini
964 1859 1033 1929 ursi
1053 1863 1184 1952 rogetus
1200 1881 1219 1927 a
1236 1857 1467 1953 suprascriptos
1483 1858 1604 1952 iugales
1620 1864 1693 1934 testi

267 1989 441 2085 subscripsi
464 1984 496 2082 †

360 2117 392 2213 †
416 2141 478 2213 ego
492 2116 646 2190 iobcuncs
664 2114 840 2188 tabularius
856 2091 987 2208 rogetus
1003 2135 1021 2185 s
1039 2124 1235 2187 memoratos
1251 2113 1372 2208 iugales
1390 2117 1461 2187 testi
1477 2116 1693 2211 subscripsi†

362 2243 394 2341 †
417 2267 479 2338 ego
502 2241 657 2315 iobcnnes
672 2241 760 2314 filius
778 2239 902 2314 domini
925 2240 1039 2312 stefani
1054 2249 1185 2333 rogatus
1201 2263 1221 2312 e
1237 2241 1469 2335 suprascriptos
1483 2241 1607 2336 iugulos
1623 2242 1696 2314 recu

268 2371 441 2464 subscripsi
464 2368 498 2461 †

363 2493 394 2588 †
417 2493 487 2586 Ego
512 2487 669 2564 iohannes
691 2488 830 2561 Curiubs
853 2489 1021 2584 complevi
1044 2501 1077 2562 et
1100 2487 1223 2566 absolvi
1246 2515 1304 2588 per
1327 2493 1503 2568 indictione
1517 2507 1693 2568 memorate

270 2629 359 2692 sextu
383 2619 414 2714 †
1673 2637 1679 2648 ’
