<?xml version="1.0" encoding="UTF-8"?>
<!DOCTYPE html PUBLIC "-//W3C//DTD XHTML 1.0 Transitional//EN"
    "http://www.w3.org/TR/xhtml1/DTD/xhtml1-transitional.dtd">
<html xmlns="http://www.w3.org/1999/xhtml" xml:lang="en" lang="en">
 <head>
  <title>
</title>
<meta http-equiv="Content-Type" content="text/html;charset=utf-8" />
  <meta name='ocr-system' content='tesseract 3.04.00' />
  <meta name='ocr-capabilities' content='ocr_page ocr_carea ocr_par ocr_line ocrx_word'/>
</head>
<body>
  <div class='ocr_page' id='page_1' title='image "./monumentaeditaa02napogoog_0274.png"; bbox 0 0 4900 6528; ppageno 0'>
   <div class='ocr_carea' id='block_1_1' title="bbox 933 881 1039 954">
    <p class='ocr_par' dir='ltr' id='par_1_1' title="bbox 933 881 1039 954">
     <span class='ocr_line' id='line_1_1' title="bbox 933 881 1039 954; baseline 0.009 -1"><span class='ocrx_word' id='word_1_1' title='bbox 933 881 1039 954; x_wconf 79' lang='lat' dir='ltr'>CLXI.</span> 
     </span>
    </p>
   </div>
   <div class='ocr_carea' id='block_1_2' title="bbox 267 1125 1839 1986">
    <p class='ocr_par' dir='ltr' id='par_1_2' title="bbox 267 1125 1839 1986">
     <span class='ocr_line' id='line_1_2' title="bbox 359 1125 1816 1238; baseline -0.006 -21"><span class='ocrx_word' id='word_1_2' title='bbox 359 1134 390 1238; x_wconf 87' lang='lat'>†</span> <span class='ocrx_word' id='word_1_3' title='bbox 414 1146 450 1216; x_wconf 94' lang='lat' dir='ltr'><strong>ln</strong></span> <span class='ocrx_word' id='word_1_4' title='bbox 472 1142 606 1216; x_wconf 88' lang='lat' dir='ltr'><strong>nomine</strong></span> <span class='ocrx_word' id='word_1_5' title='bbox 630 1138 755 1215; x_wconf 89' lang='lat' dir='ltr'><strong>domini</strong></span> <span class='ocrx_word' id='word_1_6' title='bbox 778 1138 831 1213; x_wconf 89' lang='lat' dir='ltr'><strong>dei</strong></span> <span class='ocrx_word' id='word_1_7' title='bbox 854 1137 1023 1211; x_wconf 80' lang='lat' dir='ltr'><strong>mlratmis</strong></span> <span class='ocrx_word' id='word_1_8' title='bbox 1045 1133 1150 1210; x_wconf 78' lang='lat' dir='ltr'>nostri</span> <span class='ocrx_word' id='word_1_9' title='bbox 1172 1125 1269 1209; x_wconf 85' lang='lat' dir='ltr'><strong>lhesn</strong></span> <span class='ocrx_word' id='word_1_10' title='bbox 1291 1135 1412 1209; x_wconf 80' lang='lat' dir='ltr'><strong>Christi</strong></span> <span class='ocrx_word' id='word_1_11' title='bbox 1429 1136 1608 1232; x_wconf 84' lang='lat' dir='ltr'><strong>imperante</strong></span> <span class='ocrx_word' id='word_1_12' title='bbox 1627 1141 1692 1214; x_wconf 88' lang='lat' dir='ltr'><strong>do·</strong></span> <span class='ocrx_word' id='word_1_13' title='bbox 1758 1159 1816 1209; x_wconf 87' lang='lat' dir='ltr'><strong>an.</strong></span> 
     </span>
     <span class='ocr_line' id='line_1_3' title="bbox 267 1259 1839 1355; baseline -0.004 -14"><span class='ocrx_word' id='word_1_14' title='bbox 267 1269 358 1340; x_wconf 90' lang='lat' dir='ltr'><strong>mino</strong></span> <span class='ocrx_word' id='word_1_15' title='bbox 382 1277 493 1338; x_wconf 90' lang='lat' dir='ltr'><strong>nostro</strong></span> <span class='ocrx_word' id='word_1_16' title='bbox 514 1264 628 1336; x_wconf 87' lang='lat' dir='ltr'><strong>basilio</strong></span> <span class='ocrx_word' id='word_1_17' title='bbox 651 1283 772 1355; x_wconf 75' lang='lat' dir='ltr'><strong>magno</strong></span> <span class='ocrx_word' id='word_1_18' title='bbox 794 1261 992 1355; x_wconf 79' lang='lat' dir='ltr'><strong>Imperatore</strong></span> <span class='ocrx_word' id='word_1_19' title='bbox 1015 1283 1100 1330; x_wconf 89' lang='lat' dir='ltr'><strong>anno</strong></span> <span class='ocrx_word' id='word_1_20' title='bbox 1123 1259 1386 1354; x_wconf 79' lang='lat' dir='ltr'><strong>qmntodeeimo:</strong></span> <span class='ocrx_word' id='word_1_21' title='bbox 1413 1261 1517 1333; x_wconf 87' lang='lat' dir='ltr'><strong>sedet</strong></span> <span class='ocrx_word' id='word_1_22' title='bbox 1539 1272 1692 1336; x_wconf 85' lang='lat' dir='ltr'><strong>constan·</strong></span> <span class='ocrx_word' id='word_1_23' title='bbox 1744 1271 1839 1348; x_wconf 59' lang='lat'><strong>975„</strong></span> 
     </span>
     <span class='ocr_line' id='line_1_4' title="bbox 268 1383 1692 1484; baseline -0.002 -20"><span class='ocrx_word' id='word_1_24' title='bbox 268 1394 338 1464; x_wconf 88' lang='lat' dir='ltr'><strong>tino</strong></span> <span class='ocrx_word' id='word_1_25' title='bbox 370 1410 489 1484; x_wconf 83' lang='lat' dir='ltr'><strong>magno</strong></span> <span class='ocrx_word' id='word_1_26' title='bbox 523 1387 717 1481; x_wconf 88' lang='lat' dir='ltr'><strong>imperatore</strong></span> <span class='ocrx_word' id='word_1_27' title='bbox 747 1385 847 1458; x_wconf 86' lang='lat' dir='ltr'><strong>irater</strong></span> <span class='ocrx_word' id='word_1_28' title='bbox 881 1383 952 1458; x_wconf 88' lang='lat' dir='ltr'><strong>eius</strong></span> <span class='ocrx_word' id='word_1_29' title='bbox 986 1403 1071 1456; x_wconf 90' lang='lat' dir='ltr'><strong>anno</strong></span> <span class='ocrx_word' id='word_1_30' title='bbox 1093 1383 1300 1456; x_wconf 86' lang='lat' dir='ltr'><strong>duodecimo.</strong></span> <span class='ocrx_word' id='word_1_31' title='bbox 1334 1393 1367 1457; x_wconf 91' lang='lat' dir='ltr'><strong>ct</strong></span> <span class='ocrx_word' id='word_1_32' title='bbox 1395 1385 1550 1459; x_wconf 88' lang='lat' dir='ltr'><strong>iohannes</strong></span> <span class='ocrx_word' id='word_1_33' title='bbox 1574 1409 1692 1484; x_wconf 84' lang='lat' dir='ltr'><strong>magno</strong></span> 
     </span>
     <span class='ocr_line' id='line_1_5' title="bbox 268 1507 1693 1610; baseline -0.002 -20"><span class='ocrx_word' id='word_1_34' title='bbox 268 1517 463 1610; x_wconf 77' lang='lat' dir='ltr'>imperatore</span> <span class='ocrx_word' id='word_1_35' title='bbox 486 1513 542 1584; x_wconf 90' lang='lat' dir='ltr'><strong>sed</strong></span> <span class='ocrx_word' id='word_1_36' title='bbox 564 1519 598 1584; x_wconf 87' lang='lat' dir='ltr'><strong>et</strong></span> <span class='ocrx_word' id='word_1_37' title='bbox 620 1523 705 1582; x_wconf 81' lang='lat' dir='ltr'><strong>enno</strong></span> <span class='ocrx_word' id='word_1_38' title='bbox 735 1509 861 1606; x_wconf 89' lang='lat' dir='ltr'><strong>quinto.</strong></span> <span class='ocrx_word' id='word_1_39' title='bbox 892 1508 955 1580; x_wconf 90' lang='lat' dir='ltr'><strong>Die</strong></span> <span class='ocrx_word' id='word_1_40' title='bbox 987 1508 1081 1582; x_wconf 90' lang='lat' dir='ltr'><strong>tertia</strong></span> <span class='ocrx_word' id='word_1_41' title='bbox 1104 1507 1223 1581; x_wconf 79' lang='lat' dir='ltr'><strong>mensis</strong></span> <span class='ocrx_word' id='word_1_42' title='bbox 1250 1509 1378 1601; x_wconf 80' lang='lat' dir='ltr'><strong>augusti</strong></span> <span class='ocrx_word' id='word_1_43' title='bbox 1401 1510 1576 1586; x_wconf 84' lang='lat' dir='ltr'><strong>indictione</strong></span> <span class='ocrx_word' id='word_1_44' title='bbox 1598 1515 1693 1586; x_wconf 87' lang='lat' dir='ltr'><strong>tertia</strong></span> 
     </span>
     <span class='ocr_line' id='line_1_6' title="bbox 267 1631 1693 1738; baseline -0.004 -25"><span class='ocrx_word' id='word_1_45' title='bbox 267 1641 396 1738; x_wconf 77' lang='lat' dir='ltr'><strong>neapoli</strong></span> <span class='ocrx_word' id='word_1_46' title='bbox 413 1665 422 1710; x_wconf 74' lang='grc' dir='ltr'><strong><em>ε</em></strong></span> <span class='ocrx_word' id='word_1_47' title='bbox 449 1639 581 1714; x_wconf 82' lang='lat' dir='ltr'><strong>Certum</strong></span> <span class='ocrx_word' id='word_1_48' title='bbox 603 1645 652 1712; x_wconf 87' lang='lat' dir='ltr'><strong>est</strong></span> <span class='ocrx_word' id='word_1_49' title='bbox 665 1660 719 1710; x_wconf 90' lang='lat' dir='ltr'><strong>me</strong></span> <span class='ocrx_word' id='word_1_50' title='bbox 733 1635 907 1710; x_wconf 75' lang='lat' dir='ltr'><strong>iohannem</strong></span> <span class='ocrx_word' id='word_1_51' title='bbox 929 1631 1035 1706; x_wconf 90' lang='lat' dir='ltr'><strong>filium</strong></span> <span class='ocrx_word' id='word_1_52' title='bbox 1049 1633 1213 1730; x_wconf 85' lang='lat' dir='ltr'><strong>quondam</strong></span> <span class='ocrx_word' id='word_1_53' title='bbox 1228 1631 1351 1704; x_wconf 93' lang='lat' dir='ltr'><strong>domini</strong></span> <span class='ocrx_word' id='word_1_54' title='bbox 1366 1635 1508 1728; x_wconf 81' lang='lat' dir='ltr'><strong>gregorii</strong></span> <span class='ocrx_word' id='word_1_55' title='bbox 1523 1637 1581 1728; x_wconf 92' lang='lat' dir='ltr'><strong>qui</strong></span> <span class='ocrx_word' id='word_1_56' title='bbox 1596 1659 1693 1730; x_wconf 90' lang='lat' dir='ltr'><strong>supra</strong></span> 
     </span>
     <span class='ocr_line' id='line_1_7' title="bbox 268 1755 1692 1860; baseline -0.008 -20"><span class='ocrx_word' id='word_1_57' title='bbox 268 1789 389 1840; x_wconf 86' lang='lat' dir='ltr'><strong>nomen</strong></span> <span class='ocrx_word' id='word_1_58' title='bbox 412 1764 552 1838; x_wconf 78' lang='lat' dir='ltr'><strong>cinnami</strong></span> <span class='ocrx_word' id='word_1_59' title='bbox 574 1775 608 1834; x_wconf 90' lang='lat' dir='ltr'><strong>et</strong></span> <span class='ocrx_word' id='word_1_60' title='bbox 629 1762 795 1860; x_wconf 89' lang='lat' dir='ltr'><strong>qnondam</strong></span> <span class='ocrx_word' id='word_1_61' title='bbox 811 1758 933 1832; x_wconf 87' lang='lat' dir='ltr'><strong>mariae</strong></span> <span class='ocrx_word' id='word_1_62' title='bbox 948 1757 1082 1831; x_wconf 87' lang='lat' dir='ltr'><strong>honesta</strong></span> <span class='ocrx_word' id='word_1_63' title='bbox 1097 1755 1218 1830; x_wconf 83' lang='lat' dir='ltr'><strong>semina</strong></span> <span class='ocrx_word' id='word_1_64' title='bbox 1241 1756 1400 1854; x_wconf 74' lang='lat' dir='ltr'><strong>iugalium</strong></span> <span class='ocrx_word' id='word_1_65' title='bbox 1415 1779 1636 1853; x_wconf 85' lang='lat' dir='ltr'><strong>personarum.</strong></span> <span class='ocrx_word' id='word_1_66' title='bbox 1662 1762 1692 1832; x_wconf 87' lang='lat' dir='ltr'><strong>A</strong></span> 
     </span>
     <span class='ocr_line' id='line_1_8' title="bbox 268 1879 1691 1986; baseline -0.006 -23"><span class='ocrx_word' id='word_1_67' title='bbox 268 1891 411 1986; x_wconf 73' lang='lat' dir='ltr'><strong>presenti</strong></span> <span class='ocrx_word' id='word_1_68' title='bbox 435 1891 487 1962; x_wconf 91' lang='lat' dir='ltr'><strong>die</strong></span> <span class='ocrx_word' id='word_1_69' title='bbox 510 1887 723 1984; x_wconf 89' lang='lat' dir='ltr'><strong>promtissima</strong></span> <span class='ocrx_word' id='word_1_70' title='bbox 745 1881 1100 1978; x_wconf 51' lang='lat' dir='ltr'><strong>volumtate‘promitto</strong></span> <span class='ocrx_word' id='word_1_71' title='bbox 1124 1881 1217 1956; x_wconf 89' lang='lat' dir='ltr'><strong>vobis</strong></span> <span class='ocrx_word' id='word_1_72' title='bbox 1240 1881 1372 1954; x_wconf 92' lang='lat' dir='ltr'><strong>domino</strong></span> <span class='ocrx_word' id='word_1_73' title='bbox 1394 1879 1527 1954; x_wconf 91' lang='lat' dir='ltr'><strong>iohanni</strong></span> <span class='ocrx_word' id='word_1_74' title='bbox 1550 1905 1691 1955; x_wconf 88' lang='lat' dir='ltr'><strong>venera·-</strong></span> 
     </span>
    </p>
   </div>
   <div class='ocr_carea' id='block_1_3' title="bbox 243 2009 1780 5012">
    <p class='ocr_par' dir='ltr' id='par_1_3' title="bbox 243 2009 1780 5012">
     <span class='ocr_line' id='line_1_9' title="bbox 269 2009 1691 2114; baseline -0.005 -24"><span class='ocrx_word' id='word_1_75' title='bbox 269 2019 327 2090; x_wconf 86' lang='lat' dir='ltr'><strong>bili</strong></span> <span class='ocrx_word' id='word_1_76' title='bbox 351 2041 513 2114; x_wconf 75' lang='lat' dir='ltr'><strong>pgumcno</strong></span> <span class='ocrx_word' id='word_1_77' title='bbox 536 2017 720 2090; x_wconf 85' lang='lat' dir='ltr'><strong>monasterii</strong></span> <span class='ocrx_word' id='word_1_78' title='bbox 737 2021 923 2088; x_wconf 88' lang='lat' dir='ltr'><strong>sanctorum</strong></span> <span class='ocrx_word' id='word_1_79' title='bbox 946 2010 1094 2084; x_wconf 89' lang='lat' dir='ltr'><strong>theodori</strong></span> <span class='ocrx_word' id='word_1_80' title='bbox 1117 2018 1150 2084; x_wconf 90' lang='lat' dir='ltr'><strong>et</strong></span> <span class='ocrx_word' id='word_1_81' title='bbox 1171 2009 1339 2084; x_wconf 89' lang='lat' dir='ltr'><strong>sebastiani</strong></span> <span class='ocrx_word' id='word_1_82' title='bbox 1362 2011 1420 2108; x_wconf 91' lang='lat' dir='ltr'><strong>qui</strong></span> <span class='ocrx_word' id='word_1_83' title='bbox 1436 2011 1612 2108; x_wconf 86' lang='lat' dir='ltr'><strong>appellatur</strong></span> <span class='ocrx_word' id='word_1_84' title='bbox 1627 2035 1691 2083; x_wconf 88' lang='lat' dir='ltr'><strong>ca·</strong></span> 
     </span>
     <span class='ocr_line' id='line_1_10' title="bbox 269 2135 1688 2240; baseline -0.006 -23"><span class='ocrx_word' id='word_1_85' title='bbox 269 2145 390 2240; x_wconf 89' lang='lat' dir='ltr'><strong>sapicta</strong></span> <span class='ocrx_word' id='word_1_86' title='bbox 413 2146 512 2217; x_wconf 90' lang='lat' dir='ltr'><strong>situm</strong></span> <span class='ocrx_word' id='word_1_87' title='bbox 534 2144 569 2214; x_wconf 96' lang='lat' dir='ltr'><strong>in</strong></span> <span class='ocrx_word' id='word_1_88' title='bbox 592 2141 761 2216; x_wconf 89' lang='lat' dir='ltr'><strong>viridiario</strong></span> <span class='ocrx_word' id='word_1_89' title='bbox 784 2165 825 2214; x_wconf 90' lang='lat' dir='ltr'><strong>eo</strong></span> <span class='ocrx_word' id='word_1_90' title='bbox 848 2141 938 2236; x_wconf 90' lang='lat' dir='ltr'><strong>quod</strong></span> <span class='ocrx_word' id='word_1_91' title='bbox 961 2148 1003 2212; x_wconf 84' lang='lat' dir='ltr'><strong>tu</strong></span> <span class='ocrx_word' id='word_1_92' title='bbox 1021 2162 1076 2210; x_wconf 89' lang='lat' dir='ltr'><strong>me</strong></span> <span class='ocrx_word' id='word_1_93' title='bbox 1098 2135 1134 2208; x_wconf 88' lang='lat' dir='ltr'><strong>in</strong></span> <span class='ocrx_word' id='word_1_94' title='bbox 1156 2146 1334 2210; x_wconf 89' lang='lat' dir='ltr'><strong>memorato</strong></span> <span class='ocrx_word' id='word_1_95' title='bbox 1357 2145 1467 2210; x_wconf 85' lang='lat' dir='ltr'><strong>sancto</strong></span> <span class='ocrx_word' id='word_1_96' title='bbox 1491 2147 1523 2210; x_wconf 88' lang='lat' dir='ltr'><strong>et</strong></span> <span class='ocrx_word' id='word_1_97' title='bbox 1546 2160 1688 2213; x_wconf 87' lang='lat' dir='ltr'><strong>venera-</strong></span> 
     </span>
     <span class='ocr_line' id='line_1_11' title="bbox 272 2259 1690 2359; baseline -0.003 -21"><span class='ocrx_word' id='word_1_98' title='bbox 272 2270 331 2340; x_wconf 87' lang='lat' dir='ltr'><strong>bili</strong></span> <span class='ocrx_word' id='word_1_99' title='bbox 347 2279 455 2340; x_wconf 84' lang='lat' dir='ltr'><strong>vestro</strong></span> <span class='ocrx_word' id='word_1_100' title='bbox 471 2266 666 2340; x_wconf 88' lang='lat' dir='ltr'><strong>monasterio</strong></span> <span class='ocrx_word' id='word_1_101' title='bbox 680 2267 824 2359; x_wconf 79' lang='lat' dir='ltr'><strong>resipere</strong></span> <span class='ocrx_word' id='word_1_102' title='bbox 847 2277 881 2336; x_wconf 85' lang='lat' dir='ltr'><strong>et</strong></span> <span class='ocrx_word' id='word_1_103' title='bbox 896 2264 1015 2338; x_wconf 78' lang='lat' dir='ltr'><strong>havere</strong></span> <span class='ocrx_word' id='word_1_104' title='bbox 1029 2259 1228 2357; x_wconf 85' lang='lat' dir='ltr'><strong>spopondisti</strong></span> <span class='ocrx_word' id='word_1_105' title='bbox 1243 2269 1276 2332; x_wconf 89' lang='lat' dir='ltr'><strong>ct</strong></span> <span class='ocrx_word' id='word_1_106' title='bbox 1291 2283 1343 2334; x_wconf 92' lang='lat' dir='ltr'><strong>mc</strong></span> <span class='ocrx_word' id='word_1_107' title='bbox 1358 2259 1480 2335; x_wconf 86' lang='lat' dir='ltr'><strong>ibidem</strong></span> <span class='ocrx_word' id='word_1_108' title='bbox 1494 2261 1690 2334; x_wconf 88' lang='lat' dir='ltr'><strong>monachum</strong></span> 
     </span>
     <span class='ocr_line' id='line_1_12' title="bbox 273 2389 1690 2484; baseline -0.004 -18"><span class='ocrx_word' id='word_1_109' title='bbox 273 2396 380 2466; x_wconf 85' lang='lat' dir='ltr'><strong>iacere</strong></span> <span class='ocrx_word' id='word_1_110' title='bbox 405 2404 437 2464; x_wconf 90' lang='lat' dir='ltr'><strong>ct</strong></span> <span class='ocrx_word' id='word_1_111' title='bbox 461 2403 496 2462; x_wconf 92' lang='lat' dir='ltr'><strong>tu</strong></span> <span class='ocrx_word' id='word_1_112' title='bbox 521 2401 553 2463; x_wconf 88' lang='lat' dir='ltr'><strong>et</strong></span> <span class='ocrx_word' id='word_1_113' title='bbox 576 2389 712 2484; x_wconf 87' lang='lat' dir='ltr'><strong>posteris</strong></span> <span class='ocrx_word' id='word_1_114' title='bbox 734 2389 799 2460; x_wconf 91' lang='lat' dir='ltr'><strong>tuis</strong></span> <span class='ocrx_word' id='word_1_115' title='bbox 821 2389 973 2460; x_wconf 88' lang='lat' dir='ltr'><strong>omnibus</strong></span> <span class='ocrx_word' id='word_1_116' title='bbox 996 2389 1063 2464; x_wconf 87' lang='lat' dir='ltr'><strong>vite</strong></span> <span class='ocrx_word' id='word_1_117' title='bbox 1085 2412 1178 2463; x_wconf 90' lang='lat' dir='ltr'><strong>meae</strong></span> <span class='ocrx_word' id='word_1_118' title='bbox 1201 2411 1255 2460; x_wconf 90' lang='lat' dir='ltr'><strong>me</strong></span> <span class='ocrx_word' id='word_1_119' title='bbox 1280 2391 1422 2462; x_wconf 87' lang='lat' dir='ltr'><strong>enutrire</strong></span> <span class='ocrx_word' id='word_1_120' title='bbox 1445 2396 1479 2464; x_wconf 90' lang='lat' dir='ltr'><strong>et</strong></span> <span class='ocrx_word' id='word_1_121' title='bbox 1499 2389 1617 2462; x_wconf 84' lang='lat' dir='ltr'><strong>hostire</strong></span> <span class='ocrx_word' id='word_1_122' title='bbox 1632 2411 1690 2460; x_wconf 89' lang='lat' dir='ltr'><strong>seu</strong></span> 
     </span>
     <span class='ocr_line' id='line_1_13' title="bbox 272 2508 1684 2612; baseline -0.002 -24"><span class='ocrx_word' id='word_1_123' title='bbox 272 2516 407 2588; x_wconf 88' lang='lat' dir='ltr'><strong>calciare</strong></span> <span class='ocrx_word' id='word_1_124' title='bbox 429 2514 524 2586; x_wconf 89' lang='lat' dir='ltr'><strong>siculi</strong></span> <span class='ocrx_word' id='word_1_125' title='bbox 548 2513 663 2586; x_wconf 87' lang='lat' dir='ltr'><strong>ceteris</strong></span> <span class='ocrx_word' id='word_1_126' title='bbox 687 2508 853 2584; x_wconf 80' lang='lat' dir='ltr'><strong>monachu</strong></span> <span class='ocrx_word' id='word_1_127' title='bbox 875 2511 975 2584; x_wconf 89' lang='lat' dir='ltr'><strong>vestri</strong></span> <span class='ocrx_word' id='word_1_128' title='bbox 999 2513 1194 2587; x_wconf 81' lang='lat' dir='ltr'><strong>cenobialis:</strong></span> <span class='ocrx_word' id='word_1_129' title='bbox 1218 2515 1366 2612; x_wconf 80' lang='lat' dir='ltr'><strong>lDeoqde</strong></span> <span class='ocrx_word' id='word_1_130' title='bbox 1390 2522 1422 2586; x_wconf 88' lang='lat' dir='ltr'><strong>et</strong></span> <span class='ocrx_word' id='word_1_131' title='bbox 1445 2537 1508 2610; x_wconf 82' lang='lat' dir='ltr'><strong>ego</strong></span> <span class='ocrx_word' id='word_1_132' title='bbox 1530 2513 1684 2608; x_wconf 85' lang='lat' dir='ltr'><strong>promitto</strong></span> 
     </span>
     <span class='ocr_line' id='line_1_14' title="bbox 271 2633 1687 2714; baseline -0.004 0"><span class='ocrx_word' id='word_1_133' title='bbox 271 2639 365 2714; x_wconf 90' lang='lat' dir='ltr'><strong>vobis</strong></span> <span class='ocrx_word' id='word_1_134' title='bbox 389 2638 432 2710; x_wconf 88' lang='lat' dir='ltr'><strong>ha</strong></span> <span class='ocrx_word' id='word_1_135' title='bbox 455 2659 542 2710; x_wconf 89' lang='lat' dir='ltr'><strong>nunc</strong></span> <span class='ocrx_word' id='word_1_136' title='bbox 565 2646 599 2710; x_wconf 90' lang='lat' dir='ltr'><strong>et</strong></span> <span class='ocrx_word' id='word_1_137' title='bbox 621 2635 771 2708; x_wconf 86' lang='lat' dir='ltr'><strong>omnibus</strong></span> <span class='ocrx_word' id='word_1_138' title='bbox 793 2635 861 2708; x_wconf 88' lang='lat' dir='ltr'><strong>vite</strong></span> <span class='ocrx_word' id='word_1_139' title='bbox 885 2659 977 2709; x_wconf 88' lang='lat' dir='ltr'><strong>meae</strong></span> <span class='ocrx_word' id='word_1_140' title='bbox 1000 2635 1035 2706; x_wconf 94' lang='lat' dir='ltr'><strong>in</strong></span> <span class='ocrx_word' id='word_1_141' title='bbox 1048 2645 1228 2710; x_wconf 89' lang='lat' dir='ltr'><strong>memorato</strong></span> <span class='ocrx_word' id='word_1_142' title='bbox 1246 2650 1355 2714; x_wconf 87' lang='lat' dir='ltr'><strong>vestm</strong></span> <span class='ocrx_word' id='word_1_143' title='bbox 1370 2633 1566 2714; x_wconf 87' lang='lat' dir='ltr'><strong>monasterio</strong></span> <span class='ocrx_word' id='word_1_144' title='bbox 1581 2661 1687 2712; x_wconf 88' lang='lat' dir='ltr'><strong>essere</strong></span> 
     </span>
     <span class='ocr_line' id='line_1_15' title="bbox 276 2763 1692 2866; baseline -0.001 -27"><span class='ocrx_word' id='word_1_145' title='bbox 276 2775 310 2839; x_wconf 91' lang='lat' dir='ltr'><strong>et</strong></span> <span class='ocrx_word' id='word_1_146' title='bbox 334 2764 393 2836; x_wconf 88' lang='lat' dir='ltr'><strong>tibi</strong></span> <span class='ocrx_word' id='word_1_147' title='bbox 416 2765 629 2860; x_wconf 85' lang='lat' dir='ltr'><strong>posterisque.</strong></span> <span class='ocrx_word' id='word_1_148' title='bbox 655 2765 720 2838; x_wconf 88' lang='lat' dir='ltr'><strong>luis</strong></span> <span class='ocrx_word' id='word_1_149' title='bbox 744 2765 779 2836; x_wconf 93' lang='lat' dir='ltr'><strong>in</strong></span> <span class='ocrx_word' id='word_1_150' title='bbox 802 2763 981 2838; x_wconf 86' lang='lat' dir='ltr'><strong>obedientia</strong></span> <span class='ocrx_word' id='word_1_151' title='bbox 1006 2773 1039 2839; x_wconf 85' lang='lat' dir='ltr'><strong>et</strong></span> <span class='ocrx_word' id='word_1_152' title='bbox 1062 2763 1098 2836; x_wconf 92' lang='lat' dir='ltr'><strong>in</strong></span> <span class='ocrx_word' id='word_1_153' title='bbox 1119 2765 1251 2838; x_wconf 86' lang='lat' dir='ltr'><strong>serbitio</strong></span> <span class='ocrx_word' id='word_1_154' title='bbox 1274 2790 1343 2842; x_wconf 88' lang='lat' dir='ltr'><strong>esse</strong></span> <span class='ocrx_word' id='word_1_155' title='bbox 1359 2767 1514 2866; x_wconf 92' lang='lat' dir='ltr'><strong>promitto</strong></span> <span class='ocrx_word' id='word_1_156' title='bbox 1531 2775 1569 2838; x_wconf 92' lang='lat' dir='ltr'><strong>ut</strong></span> <span class='ocrx_word' id='word_1_157' title='bbox 1584 2777 1692 2840; x_wconf 87' lang='lat' dir='ltr'><strong>sancta</strong></span> 
     </span>
     <span class='ocr_line' id='line_1_16' title="bbox 275 2881 1691 2984; baseline 0 -22"><span class='ocrx_word' id='word_1_158' title='bbox 275 2890 390 2984; x_wconf 84' lang='lat' dir='ltr'><strong>regula</strong></span> <span class='ocrx_word' id='word_1_159' title='bbox 412 2889 496 2964; x_wconf 83' lang='lat' dir='ltr'><strong>beuti</strong></span> <span class='ocrx_word' id='word_1_160' title='bbox 519 2881 624 2962; x_wconf 85' lang='lat' dir='ltr'><strong>basilii</strong></span> <span class='ocrx_word' id='word_1_161' title='bbox 648 2890 743 2964; x_wconf 86' lang='lat' dir='ltr'><strong>docet</strong></span> <span class='ocrx_word' id='word_1_162' title='bbox 765 2897 799 2962; x_wconf 90' lang='lat' dir='ltr'><strong>et</strong></span> <span class='ocrx_word' id='word_1_163' title='bbox 817 2912 996 2984; x_wconf 78' lang='lat' dir='ltr'><strong>numquam</strong></span> <span class='ocrx_word' id='word_1_164' title='bbox 1018 2900 1207 2984; x_wconf 88' lang='lat' dir='ltr'><strong>presummo</strong></span> <span class='ocrx_word' id='word_1_165' title='bbox 1230 2913 1291 2963; x_wconf 91' lang='lat' dir='ltr'><strong>nec</strong></span> <span class='ocrx_word' id='word_1_166' title='bbox 1310 2890 1413 2962; x_wconf 87' lang='lat' dir='ltr'><strong>abevu</strong></span> <span class='ocrx_word' id='word_1_167' title='bbox 1436 2890 1599 2962; x_wconf 84' lang='lat' dir='ltr'><strong>licentiam</strong></span> <span class='ocrx_word' id='word_1_168' title='bbox 1622 2891 1691 2962; x_wconf 90' lang='lat' dir='ltr'><strong>sine</strong></span> 
     </span>
     <span class='ocr_line' id='line_1_17' title="bbox 277 3013 1693 3112; baseline -0.003 -22"><span class='ocrx_word' id='word_1_169' title='bbox 277 3029 384 3090; x_wconf 89' lang='lat' dir='ltr'><strong>vestra</strong></span> <span class='ocrx_word' id='word_1_170' title='bbox 407 3018 547 3092; x_wconf 87' lang='lat' dir='ltr'><strong>iussione</strong></span> <span class='ocrx_word' id='word_1_171' title='bbox 571 3041 612 3090; x_wconf 81' lang='lat' dir='ltr'><strong>ex</strong></span> <span class='ocrx_word' id='word_1_172' title='bbox 635 3017 707 3112; x_wconf 89' lang='lat' dir='ltr'><strong>ipso</strong></span> <span class='ocrx_word' id='word_1_173' title='bbox 738 3027 847 3090; x_wconf 87' lang='lat' dir='ltr'><strong>vestro</strong></span> <span class='ocrx_word' id='word_1_174' title='bbox 880 3015 1075 3090; x_wconf 88' lang='lat' dir='ltr'><strong>monasterio</strong></span> <span class='ocrx_word' id='word_1_175' title='bbox 1102 3016 1193 3090; x_wconf 85' lang='lat' dir='ltr'><strong>exire</strong></span> <span class='ocrx_word' id='word_1_176' title='bbox 1217 3024 1265 3091; x_wconf 86' lang='lat' dir='ltr'><strong>set</strong></span> <span class='ocrx_word' id='word_1_177' title='bbox 1288 3016 1402 3090; x_wconf 89' lang='lat' dir='ltr'><strong>diebus</strong></span> <span class='ocrx_word' id='word_1_178' title='bbox 1425 3016 1507 3088; x_wconf 89' lang='lat' dir='ltr'><strong>meis</strong></span> <span class='ocrx_word' id='word_1_179' title='bbox 1530 3014 1576 3087; x_wconf 87' lang='lat' dir='ltr'><strong>ihi</strong></span> <span class='ocrx_word' id='word_1_180' title='bbox 1600 3013 1693 3088; x_wconf 87' lang='lat' dir='ltr'><strong>finire</strong></span> 
     </span>
     <span class='ocr_line' id='line_1_18' title="bbox 275 3143 1693 3242; baseline -0.005 -23"><span class='ocrx_word' id='word_1_181' title='bbox 275 3148 432 3242; x_wconf 88' lang='lat' dir='ltr'><strong>promitto</strong></span> <span class='ocrx_word' id='word_1_182' title='bbox 455 3157 487 3220; x_wconf 90' lang='lat' dir='ltr'><strong>et</strong></span> <span class='ocrx_word' id='word_1_183' title='bbox 509 3149 537 3220; x_wconf 88' lang='lat' dir='ltr'><strong>si</strong></span> <span class='ocrx_word' id='word_1_184' title='bbox 560 3147 628 3221; x_wconf 91' lang='lat' dir='ltr'><strong>sine</strong></span> <span class='ocrx_word' id='word_1_185' title='bbox 653 3154 758 3220; x_wconf 86' lang='lat' dir='ltr'><strong>vestra</strong></span> <span class='ocrx_word' id='word_1_186' title='bbox 779 3145 920 3220; x_wconf 83' lang='lat' dir='ltr'><strong>iussione</strong></span> <span class='ocrx_word' id='word_1_187' title='bbox 946 3146 1017 3241; x_wconf 92' lang='lat' dir='ltr'><strong>ipso</strong></span> <span class='ocrx_word' id='word_1_188' title='bbox 1040 3157 1149 3222; x_wconf 87' lang='lat' dir='ltr'><strong>vestro</strong></span> <span class='ocrx_word' id='word_1_189' title='bbox 1164 3148 1360 3220; x_wconf 89' lang='lat' dir='ltr'><strong>monasterio</strong></span> <span class='ocrx_word' id='word_1_190' title='bbox 1376 3146 1489 3218; x_wconf 80' lang='lat' dir='ltr'><strong>exiero</strong></span> <span class='ocrx_word' id='word_1_191' title='bbox 1505 3153 1582 3218; x_wconf 90' lang='lat' dir='ltr'><strong>tunc</strong></span> <span class='ocrx_word' id='word_1_192' title='bbox 1596 3143 1693 3216; x_wconf 83' lang='lat' dir='ltr'><strong>lineas</strong></span> 
     </span>
     <span class='ocr_line' id='line_1_19' title="bbox 276 3268 1693 3366; baseline -0.002 -23"><span class='ocrx_word' id='word_1_193' title='bbox 276 3291 337 3343; x_wconf 89' lang='lat' dir='ltr'><strong>vos</strong></span> <span class='ocrx_word' id='word_1_194' title='bbox 370 3271 525 3364; x_wconf 84' lang='lat' dir='ltr'><strong>permisso</strong></span> <span class='ocrx_word' id='word_1_195' title='bbox 561 3281 670 3343; x_wconf 89' lang='lat' dir='ltr'><strong>vestro</strong></span> <span class='ocrx_word' id='word_1_196' title='bbox 700 3293 755 3344; x_wconf 92' lang='lat' dir='ltr'><strong>me</strong></span> <span class='ocrx_word' id='word_1_197' title='bbox 786 3271 1000 3366; x_wconf 87' lang='lat' dir='ltr'><strong>appreendcrc</strong></span> <span class='ocrx_word' id='word_1_198' title='bbox 1023 3279 1057 3342; x_wconf 91' lang='lat' dir='ltr'><strong>et</strong></span> <span class='ocrx_word' id='word_1_199' title='bbox 1081 3272 1117 3340; x_wconf 96' lang='lat' dir='ltr'><strong>in</strong></span> <span class='ocrx_word' id='word_1_200' title='bbox 1140 3270 1258 3342; x_wconf 74' lang='lat' dir='ltr'><strong>melem</strong></span> <span class='ocrx_word' id='word_1_201' title='bbox 1287 3277 1395 3340; x_wconf 87' lang='lat' dir='ltr'><strong>vestro</strong></span> <span class='ocrx_word' id='word_1_202' title='bbox 1418 3268 1615 3340; x_wconf 90' lang='lat' dir='ltr'><strong>monasterio</strong></span> <span class='ocrx_word' id='word_1_203' title='bbox 1639 3291 1693 3340; x_wconf 91' lang='lat' dir='ltr'><strong>me</strong></span> 
     </span>
     <span class='ocr_line' id='line_1_20' title="bbox 272 3394 1691 3500; baseline 0 -32"><span class='ocrx_word' id='word_1_204' title='bbox 272 3399 427 3472; x_wconf 86' lang='lat' dir='ltr'><strong>reducere</strong></span> <span class='ocrx_word' id='word_1_205' title='bbox 450 3408 484 3472; x_wconf 91' lang='lat' dir='ltr'><strong>et</strong></span> <span class='ocrx_word' id='word_1_206' title='bbox 507 3421 558 3472; x_wconf 89' lang='lat' dir='ltr'><strong>mc</strong></span> <span class='ocrx_word' id='word_1_207' title='bbox 582 3400 745 3496; x_wconf 84' lang='lat' dir='ltr'><strong>corripere</strong></span> <span class='ocrx_word' id='word_1_208' title='bbox 768 3399 898 3500; x_wconf 78' lang='lat' dir='ltr'><strong>utipsn</strong></span> <span class='ocrx_word' id='word_1_209' title='bbox 921 3405 1029 3471; x_wconf 89' lang='lat' dir='ltr'><strong>sancta</strong></span> <span class='ocrx_word' id='word_1_210' title='bbox 1052 3397 1164 3492; x_wconf 82' lang='lat' dir='ltr'><strong>regula</strong></span> <span class='ocrx_word' id='word_1_211' title='bbox 1193 3394 1295 3468; x_wconf 81' lang='lat' dir='ltr'><strong>docet</strong></span> <span class='ocrx_word' id='word_1_212' title='bbox 1327 3397 1461 3489; x_wconf 88' lang='lat' dir='ltr'><strong>insuper</strong></span> <span class='ocrx_word' id='word_1_213' title='bbox 1489 3421 1508 3465; x_wconf 92' lang='lat' dir='ltr'><strong>a</strong></span> <span class='ocrx_word' id='word_1_214' title='bbox 1532 3397 1585 3468; x_wconf 88' lang='lat' dir='ltr'><strong>die</strong></span> <span class='ocrx_word' id='word_1_215' title='bbox 1609 3418 1691 3488; x_wconf 89' lang='lat' dir='ltr'><strong>prc-</strong></span> 
     </span>
     <span class='ocr_line' id='line_1_21' title="bbox 243 3517 1696 3617; baseline -0.006 -19"><span class='ocrx_word' id='word_1_216' title='bbox 243 3593 245 3598; x_wconf 89' lang='lat'><em>.</em></span> <span class='ocrx_word' id='word_1_217' title='bbox 267 3523 374 3596; x_wconf 82' lang='lat' dir='ltr'><strong>sanus</strong></span> <span class='ocrx_word' id='word_1_218' title='bbox 397 3523 498 3594; x_wconf 83' lang='lat' dir='ltr'><strong>odero</strong></span> <span class='ocrx_word' id='word_1_219' title='bbox 521 3531 554 3594; x_wconf 91' lang='lat' dir='ltr'><strong>et</strong></span> <span class='ocrx_word' id='word_1_220' title='bbox 576 3525 668 3598; x_wconf 91' lang='lat' dir='ltr'><strong>trado</strong></span> <span class='ocrx_word' id='word_1_221' title='bbox 690 3523 784 3596; x_wconf 87' lang='lat' dir='ltr'><strong>vobis</strong></span> <span class='ocrx_word' id='word_1_222' title='bbox 807 3529 841 3594; x_wconf 88' lang='lat' dir='ltr'><strong>et</strong></span> <span class='ocrx_word' id='word_1_223' title='bbox 862 3544 921 3617; x_wconf 91' lang='lat' dir='ltr'><strong>per</strong></span> <span class='ocrx_word' id='word_1_224' title='bbox 943 3543 1003 3592; x_wconf 92' lang='lat' dir='ltr'><strong>vos</strong></span> <span class='ocrx_word' id='word_1_225' title='bbox 1026 3521 1061 3592; x_wconf 95' lang='lat' dir='ltr'><strong>in</strong></span> <span class='ocrx_word' id='word_1_226' title='bbox 1085 3520 1199 3594; x_wconf 90' lang='lat' dir='ltr'><strong>eodem</strong></span> <span class='ocrx_word' id='word_1_227' title='bbox 1222 3527 1332 3593; x_wconf 85' lang='lat' dir='ltr'><strong>sancto</strong></span> <span class='ocrx_word' id='word_1_228' title='bbox 1347 3528 1380 3592; x_wconf 92' lang='lat' dir='ltr'><strong>et</strong></span> <span class='ocrx_word' id='word_1_229' title='bbox 1396 3517 1571 3592; x_wconf 85' lang='lat' dir='ltr'><strong>venerabili</strong></span> <span class='ocrx_word' id='word_1_230' title='bbox 1587 3527 1696 3590; x_wconf 83' lang='lat' dir='ltr'><strong>vestro</strong></span> 
     </span>
     <span class='ocr_line' id='line_1_22' title="bbox 273 3641 1689 3745; baseline -0.003 -27"><span class='ocrx_word' id='word_1_231' title='bbox 273 3651 480 3722; x_wconf 85' lang='lat' dir='ltr'><strong>monasterio.</strong></span> <span class='ocrx_word' id='word_1_232' title='bbox 514 3651 606 3720; x_wconf 73' lang='lat' dir='ltr'><strong>lueet</strong></span> <span class='ocrx_word' id='word_1_233' title='bbox 636 3641 762 3745; x_wconf 74' lang='lat' dir='ltr'><strong>integra</strong></span> <span class='ocrx_word' id='word_1_234' title='bbox 796 3671 861 3720; x_wconf 92' lang='lat' dir='ltr'><strong>una</strong></span> <span class='ocrx_word' id='word_1_235' title='bbox 891 3655 979 3719; x_wconf 82' lang='lat' dir='ltr'><strong>terra</strong></span> <span class='ocrx_word' id='word_1_236' title='bbox 1011 3671 1083 3721; x_wconf 91' lang='lat' dir='ltr'><strong>mea</strong></span> <span class='ocrx_word' id='word_1_237' title='bbox 1105 3669 1171 3742; x_wconf 91' lang='lat' dir='ltr'><strong>quc</strong></span> <span class='ocrx_word' id='word_1_238' title='bbox 1194 3653 1329 3718; x_wconf 88' lang='lat' dir='ltr'><strong>vocatur</strong></span> <span class='ocrx_word' id='word_1_239' title='bbox 1351 3647 1561 3740; x_wconf 86' lang='lat' dir='ltr'><strong>pummiearia</strong></span> <span class='ocrx_word' id='word_1_240' title='bbox 1585 3645 1689 3740; x_wconf 86' lang='lat' dir='ltr'><strong>posita</strong></span> 
     </span>
     <span class='ocr_line' id='line_1_23' title="bbox 271 3773 1694 3870; baseline -0.004 -24"><span class='ocrx_word' id='word_1_241' title='bbox 271 3796 353 3846; x_wconf 89' lang='lat' dir='ltr'><strong>vero</strong></span> <span class='ocrx_word' id='word_1_242' title='bbox 372 3776 408 3848; x_wconf 91' lang='lat' dir='ltr'><strong>in</strong></span> <span class='ocrx_word' id='word_1_243' title='bbox 430 3777 503 3846; x_wconf 90' lang='lat' dir='ltr'><strong>loco</strong></span> <span class='ocrx_word' id='word_1_244' title='bbox 527 3775 585 3870; x_wconf 91' lang='lat' dir='ltr'><strong>qui</strong></span> <span class='ocrx_word' id='word_1_245' title='bbox 602 3788 738 3847; x_wconf 86' lang='lat' dir='ltr'><strong>vocatm</strong></span> <span class='ocrx_word' id='word_1_246' title='bbox 753 3789 856 3846; x_wconf 83' lang='lat' dir='ltr'><strong>massa</strong></span> <span class='ocrx_word' id='word_1_247' title='bbox 872 3797 937 3846; x_wconf 90' lang='lat' dir='ltr'><strong>una</strong></span> <span class='ocrx_word' id='word_1_248' title='bbox 953 3797 1028 3846; x_wconf 91' lang='lat' dir='ltr'><strong>eum</strong></span> <span class='ocrx_word' id='word_1_249' title='bbox 1044 3776 1213 3850; x_wconf 80' lang='lat' dir='ltr'><strong>uveribus</strong></span> <span class='ocrx_word' id='word_1_250' title='bbox 1225 3782 1260 3850; x_wconf 86' lang='lat' dir='ltr'><strong>cl</strong></span> <span class='ocrx_word' id='word_1_251' title='bbox 1276 3773 1446 3848; x_wconf 88' lang='lat' dir='ltr'><strong>introitum</strong></span> <span class='ocrx_word' id='word_1_252' title='bbox 1461 3797 1558 3848; x_wconf 89' lang='lat' dir='ltr'><strong>suum</strong></span> <span class='ocrx_word' id='word_1_253' title='bbox 1575 3773 1694 3848; x_wconf 90' lang='lat' dir='ltr'><strong>omni-</strong></span> 
     </span>
     <span class='ocr_line' id='line_1_24' title="bbox 271 3898 1696 3998; baseline -0.001 -28"><span class='ocrx_word' id='word_1_254' title='bbox 271 3902 411 3996; x_wconf 85' lang='lat' dir='ltr'><strong>busque.</strong></span> <span class='ocrx_word' id='word_1_255' title='bbox 436 3901 497 3972; x_wconf 90' lang='lat' dir='ltr'><strong>sivi</strong></span> <span class='ocrx_word' id='word_1_256' title='bbox 520 3898 711 3994; x_wconf 82' lang='lat' dir='ltr'><strong>generaliter</strong></span> <span class='ocrx_word' id='word_1_257' title='bbox 737 3898 971 3993; x_wconf 88' lang='lat' dir='ltr'><strong>pertinentibus</strong></span> <span class='ocrx_word' id='word_1_258' title='bbox 1004 3899 1099 3973; x_wconf 89' lang='lat' dir='ltr'><strong>siculi</strong></span> <span class='ocrx_word' id='word_1_259' title='bbox 1123 3912 1155 3973; x_wconf 91' lang='lat' dir='ltr'><strong>et</strong></span> <span class='ocrx_word' id='word_1_260' title='bbox 1178 3902 1344 3998; x_wconf 59' lang='lat' dir='ltr'><strong>monsedo</strong></span> <span class='ocrx_word' id='word_1_261' title='bbox 1368 3925 1421 3974; x_wconf 91' lang='lat' dir='ltr'><strong>me</strong></span> <span class='ocrx_word' id='word_1_262' title='bbox 1443 3900 1549 3992; x_wconf 78' lang='lat' dir='ltr'><strong>tetigit</strong></span> <span class='ocrx_word' id='word_1_263' title='bbox 1572 3925 1590 3969; x_wconf 91' lang='lat' dir='ltr'><strong>a</strong></span> <span class='ocrx_word' id='word_1_264' title='bbox 1614 3921 1696 3992; x_wconf 81' lang='lat' dir='ltr'><strong>ger-</strong></span> 
     </span>
     <span class='ocr_line' id='line_1_25' title="bbox 273 4023 1694 4120; baseline -0.001 -23"><span class='ocrx_word' id='word_1_265' title='bbox 273 4025 379 4098; x_wconf 91' lang='lat' dir='ltr'><strong>manis</strong></span> <span class='ocrx_word' id='word_1_266' title='bbox 402 4025 482 4096; x_wconf 89' lang='lat' dir='ltr'><strong>meis</strong></span> <span class='ocrx_word' id='word_1_267' title='bbox 505 4047 563 4118; x_wconf 87' lang='lat' dir='ltr'><strong>per</strong></span> <span class='ocrx_word' id='word_1_268' title='bbox 587 4023 734 4096; x_wconf 85' lang='lat' dir='ltr'><strong>notitiam</strong></span> <span class='ocrx_word' id='word_1_269' title='bbox 758 4047 825 4120; x_wconf 89' lang='lat' dir='ltr'><strong>que</strong></span> <span class='ocrx_word' id='word_1_270' title='bbox 848 4033 926 4118; x_wconf 90' lang='lat' dir='ltr'><strong>aput</strong></span> <span class='ocrx_word' id='word_1_271' title='bbox 942 4045 1001 4096; x_wconf 92' lang='lat' dir='ltr'><strong>vos</strong></span> <span class='ocrx_word' id='word_1_272' title='bbox 1017 4047 1103 4098; x_wconf 91' lang='lat' dir='ltr'><strong>nunc</strong></span> <span class='ocrx_word' id='word_1_273' title='bbox 1118 4027 1241 4098; x_wconf 86' lang='lat' dir='ltr'><strong>remisi.</strong></span> <span class='ocrx_word' id='word_1_274' title='bbox 1267 4026 1445 4100; x_wconf 87' lang='lat' dir='ltr'><strong>Goherente</strong></span> <span class='ocrx_word' id='word_1_275' title='bbox 1469 4027 1532 4100; x_wconf 87' lang='lat' dir='ltr'><strong>sivi</strong></span> <span class='ocrx_word' id='word_1_276' title='bbox 1547 4027 1611 4100; x_wconf 91' lang='lat' dir='ltr'><strong>hab</strong></span> <span class='ocrx_word' id='word_1_277' title='bbox 1628 4049 1694 4100; x_wconf 92' lang='lat' dir='ltr'><strong>uno</strong></span> 
     </span>
     <span class='ocr_line' id='line_1_26' title="bbox 273 4147 1691 4245; baseline 0.004 -25"><span class='ocrx_word' id='word_1_278' title='bbox 273 4151 374 4221; x_wconf 88' lang='lat' dir='ltr'><strong>latere</strong></span> <span class='ocrx_word' id='word_1_279' title='bbox 398 4160 482 4221; x_wconf 88' lang='lat' dir='ltr'><strong>terra</strong></span> <span class='ocrx_word' id='word_1_280' title='bbox 508 4147 640 4242; x_wconf 83' lang='lat' dir='ltr'><strong>adelgisi</strong></span> <span class='ocrx_word' id='word_1_281' title='bbox 663 4170 763 4245; x_wconf 89' lang='lat' dir='ltr'><strong>quem</strong></span> <span class='ocrx_word' id='word_1_282' title='bbox 786 4147 846 4220; x_wconf 90' lang='lat' dir='ltr'><strong>tibi</strong></span> <span class='ocrx_word' id='word_1_283' title='bbox 870 4149 958 4222; x_wconf 90' lang='lat' dir='ltr'><strong>dedit</strong></span> <span class='ocrx_word' id='word_1_284' title='bbox 980 4147 1036 4221; x_wconf 90' lang='lat' dir='ltr'><strong>ille</strong></span> <span class='ocrx_word' id='word_1_285' title='bbox 1058 4150 1235 4245; x_wconf 78' lang='lat' dir='ltr'><strong>pastinator</strong></span> <span class='ocrx_word' id='word_1_286' title='bbox 1256 4151 1351 4226; x_wconf 76' lang='lat' dir='ltr'><strong>sienni</strong></span> <span class='ocrx_word' id='word_1_287' title='bbox 1375 4151 1458 4226; x_wconf 89' lang='lat' dir='ltr'><strong>inter</strong></span> <span class='ocrx_word' id='word_1_288' title='bbox 1481 4176 1516 4226; x_wconf 89' lang='lat' dir='ltr'><strong>se</strong></span> <span class='ocrx_word' id='word_1_289' title='bbox 1539 4155 1691 4228; x_wconf 89' lang='lat' dir='ltr'><strong>termines</strong></span> 
     </span>
     <span class='ocr_line' id='line_1_27' title="bbox 274 4257 1780 4356; baseline 0.007 -9"><span class='ocrx_word' id='word_1_290' title='bbox 274 4276 418 4350; x_wconf 80' lang='lat' dir='ltr'><strong>enlinat:</strong></span> <span class='ocrx_word' id='word_1_291' title='bbox 457 4276 497 4347; x_wconf 89' lang='lat' dir='ltr'><strong>ab</strong></span> <span class='ocrx_word' id='word_1_292' title='bbox 535 4275 600 4348; x_wconf 87' lang='lat' dir='ltr'><strong>elio</strong></span> <span class='ocrx_word' id='word_1_293' title='bbox 632 4275 730 4350; x_wconf 89' lang='lat' dir='ltr'><strong>latere</strong></span> <span class='ocrx_word' id='word_1_294' title='bbox 759 4283 846 4348; x_wconf 88' lang='lat' dir='ltr'><strong>terra</strong></span> <span class='ocrx_word' id='word_1_295' title='bbox 869 4257 1003 4348; x_wconf 86' lang='lat' dir='ltr'><strong>iohanni</strong></span> <span class='ocrx_word' id='word_1_296' title='bbox 1027 4278 1211 4352; x_wconf 86' lang='lat' dir='ltr'><strong>cannaharii</strong></span> <span class='ocrx_word' id='word_1_297' title='bbox 1234 4289 1272 4352; x_wconf 89' lang='lat' dir='ltr'><strong>ut</strong></span> <span class='ocrx_word' id='word_1_298' title='bbox 1294 4282 1365 4353; x_wconf 91' lang='lat' dir='ltr'><strong>linit</strong></span> <span class='ocrx_word' id='word_1_299' title='bbox 1386 4283 1470 4354; x_wconf 85' lang='lat' dir='ltr'><strong>inter</strong></span> <span class='ocrx_word' id='word_1_300' title='bbox 1493 4303 1528 4356; x_wconf 87' lang='lat' dir='ltr'><strong>se</strong></span> <span class='ocrx_word' id='word_1_301' title='bbox 1551 4285 1613 4356; x_wconf 87' lang='lat' dir='ltr'><strong>via.</strong></span> <span class='ocrx_word' id='word_1_302' title='bbox 1636 4284 1686 4356; x_wconf 90' lang='lat' dir='ltr'><strong>De</strong></span> <span class='ocrx_word' id='word_1_303' title='bbox 1776 4277 1780 4286; x_wconf 77' lang='grc'><strong>’</strong></span> 
     </span>
     <span class='ocr_line' id='line_1_28' title="bbox 275 4399 1696 4500; baseline 0.003 -24"><span class='ocrx_word' id='word_1_304' title='bbox 275 4425 344 4476; x_wconf 91' lang='lat' dir='ltr'><strong>uno</strong></span> <span class='ocrx_word' id='word_1_305' title='bbox 367 4407 469 4500; x_wconf 88' lang='lat' dir='ltr'><strong>capite</strong></span> <span class='ocrx_word' id='word_1_306' title='bbox 494 4415 576 4476; x_wconf 91' lang='lat' dir='ltr'><strong>terra</strong></span> <span class='ocrx_word' id='word_1_307' title='bbox 601 4405 734 4500; x_wconf 88' lang='lat' dir='ltr'><strong>quidem</strong></span> <span class='ocrx_word' id='word_1_308' title='bbox 758 4427 840 4474; x_wconf 89' lang='lat' dir='ltr'><strong>anna</strong></span> <span class='ocrx_word' id='word_1_309' title='bbox 865 4425 1020 4498; x_wconf 75' lang='lat' dir='ltr'><strong>germem</strong></span> <span class='ocrx_word' id='word_1_310' title='bbox 1042 4429 1134 4480; x_wconf 86' lang='lat' dir='ltr'><strong>meae</strong></span> <span class='ocrx_word' id='word_1_311' title='bbox 1156 4399 1359 4480; x_wconf 86' lang='lat' dir='ltr'><strong>sicuti&#39;inter</strong></span> <span class='ocrx_word' id='word_1_312' title='bbox 1382 4430 1417 4481; x_wconf 91' lang='lat' dir='ltr'><strong>se</strong></span> <span class='ocrx_word' id='word_1_313' title='bbox 1442 4407 1523 4480; x_wconf 91' lang='lat' dir='ltr'><strong>duos</strong></span> <span class='ocrx_word' id='word_1_314' title='bbox 1545 4407 1696 4481; x_wconf 87' lang='lat' dir='ltr'><strong>termines</strong></span> 
     </span>
     <span class='ocr_line' id='line_1_29' title="bbox 275 4527 1700 4622; baseline 0.004 -24"><span class='ocrx_word' id='word_1_315' title='bbox 275 4529 443 4600; x_wconf 88' lang='lat' dir='ltr'><strong>finiuntur.</strong></span> <span class='ocrx_word' id='word_1_316' title='bbox 468 4531 516 4600; x_wconf 86' lang='lat' dir='ltr'><strong>De</strong></span> <span class='ocrx_word' id='word_1_317' title='bbox 540 4527 606 4600; x_wconf 90' lang='lat' dir='ltr'><strong>alio</strong></span> <span class='ocrx_word' id='word_1_318' title='bbox 629 4529 733 4622; x_wconf 88' lang='lat' dir='ltr'><strong>capita</strong></span> <span class='ocrx_word' id='word_1_319' title='bbox 757 4537 843 4599; x_wconf 84' lang='lat' dir='ltr'><strong>terra</strong></span> <span class='ocrx_word' id='word_1_320' title='bbox 858 4527 1055 4622; x_wconf 85' lang='lat' dir='ltr'><strong>heupraxiae</strong></span> <span class='ocrx_word' id='word_1_321' title='bbox 1071 4551 1224 4622; x_wconf 78' lang='lat' dir='ltr'><strong>germane</strong></span> <span class='ocrx_word' id='word_1_322' title='bbox 1246 4551 1337 4600; x_wconf 88' lang='lat' dir='ltr'><strong>meae</strong></span> <span class='ocrx_word' id='word_1_323' title='bbox 1352 4528 1447 4601; x_wconf 89' lang='lat' dir='ltr'><strong>sicuti</strong></span> <span class='ocrx_word' id='word_1_324' title='bbox 1464 4530 1548 4602; x_wconf 88' lang='lat' dir='ltr'><strong>inter</strong></span> <span class='ocrx_word' id='word_1_325' title='bbox 1564 4553 1598 4604; x_wconf 89' lang='lat' dir='ltr'><strong>se</strong></span> <span class='ocrx_word' id='word_1_326' title='bbox 1615 4532 1700 4604; x_wconf 91' lang='lat' dir='ltr'><strong>duo·</strong></span> 
     </span>
     <span class='ocr_line' id='line_1_30' title="bbox 278 4649 1694 4748; baseline 0.004 -25"><span class='ocrx_word' id='word_1_327' title='bbox 278 4651 342 4724; x_wconf 87' lang='lat' dir='ltr'><strong>bus</strong></span> <span class='ocrx_word' id='word_1_328' title='bbox 366 4653 517 4723; x_wconf 90' lang='lat' dir='ltr'><strong>termines</strong></span> <span class='ocrx_word' id='word_1_329' title='bbox 540 4651 737 4723; x_wconf 85' lang='lat' dir='ltr'><strong>disternitur.</strong></span> <span class='ocrx_word' id='word_1_330' title='bbox 773 4653 822 4724; x_wconf 89' lang='lat' dir='ltr'><strong>De</strong></span> <span class='ocrx_word' id='word_1_331' title='bbox 853 4675 918 4748; x_wconf 92' lang='lat' dir='ltr'><strong>qua</strong></span> <span class='ocrx_word' id='word_1_332' title='bbox 949 4651 1034 4723; x_wconf 89' lang='lat' dir='ltr'><strong>nihil</strong></span> <span class='ocrx_word' id='word_1_333' title='bbox 1063 4649 1145 4724; x_wconf 86' lang='lat' dir='ltr'><strong>mihi</strong></span> <span class='ocrx_word' id='word_1_334' title='bbox 1168 4653 1256 4725; x_wconf 91' lang='lat' dir='ltr'><strong>intus</strong></span> <span class='ocrx_word' id='word_1_335' title='bbox 1278 4664 1469 4730; x_wconf 84' lang='lat' dir='ltr'><strong>memoratas</strong></span> <span class='ocrx_word' id='word_1_336' title='bbox 1492 4658 1694 4733; x_wconf 79' lang='lat' dir='ltr'><strong>coherentias</strong></span> 
     </span>
     <span class='ocr_line' id='line_1_31' title="bbox 277 4778 1696 4882; baseline 0.008 -32"><span class='ocrx_word' id='word_1_337' title='bbox 277 4779 411 4876; x_wconf 89' lang='lat' dir='ltr'><strong>aliquod</strong></span> <span class='ocrx_word' id='word_1_338' title='bbox 434 4779 585 4851; x_wconf 90' lang='lat' dir='ltr'><strong>remansit</strong></span> <span class='ocrx_word' id='word_1_339' title='bbox 610 4789 667 4850; x_wconf 86' lang='lat' dir='ltr'><strong>aut</strong></span> <span class='ocrx_word' id='word_1_340' title='bbox 688 4778 850 4854; x_wconf 79' lang='lat' dir='ltr'><strong>reservavi</strong></span> <span class='ocrx_word' id='word_1_341' title='bbox 867 4803 927 4852; x_wconf 88' lang='lat' dir='ltr'><strong>nec</strong></span> <span class='ocrx_word' id='word_1_342' title='bbox 944 4779 978 4850; x_wconf 95' lang='lat' dir='ltr'><strong>in</strong></span> <span class='ocrx_word' id='word_1_343' title='bbox 995 4780 1132 4854; x_wconf 89' lang='lat' dir='ltr'><strong>alienam</strong></span> <span class='ocrx_word' id='word_1_344' title='bbox 1154 4803 1308 4876; x_wconf 87' lang='lat' dir='ltr'><strong>personas</strong></span> <span class='ocrx_word' id='word_1_345' title='bbox 1324 4786 1471 4858; x_wconf 87' lang='lat' dir='ltr'><strong>commisi</strong></span> <span class='ocrx_word' id='word_1_346' title='bbox 1493 4796 1696 4882; x_wconf 82' lang='lat' dir='ltr'><strong>potestatem.</strong></span> 
     </span>
     <span class='ocr_line' id='line_1_32' title="bbox 282 4903 1698 5012; baseline 0.008 -38"><span class='ocrx_word' id='word_1_347' title='bbox 282 4913 316 4974; x_wconf 87' lang='lat' dir='ltr'><strong>et</strong></span> <span class='ocrx_word' id='word_1_348' title='bbox 339 4903 383 4975; x_wconf 89' lang='lat' dir='ltr'><strong>ha</strong></span> <span class='ocrx_word' id='word_1_349' title='bbox 406 4926 492 4976; x_wconf 90' lang='lat' dir='ltr'><strong>nunc</strong></span> <span class='ocrx_word' id='word_1_350' title='bbox 516 4914 551 4976; x_wconf 91' lang='lat' dir='ltr'><strong>et</strong></span> <span class='ocrx_word' id='word_1_351' title='bbox 575 4905 725 4999; x_wconf 87' lang='lat' dir='ltr'><strong>deinceps</strong></span> <span class='ocrx_word' id='word_1_352' title='bbox 749 4905 783 4978; x_wconf 94' lang='lat' dir='ltr'><strong>in</strong></span> <span class='ocrx_word' id='word_1_353' title='bbox 808 4915 912 4978; x_wconf 88' lang='lat' dir='ltr'><strong>vestra</strong></span> <span class='ocrx_word' id='word_1_354' title='bbox 927 4906 1134 5001; x_wconf 81' lang='lat' dir='ltr'><strong>posterisque</strong></span> <span class='ocrx_word' id='word_1_355' title='bbox 1157 4907 1271 4979; x_wconf 87' lang='lat' dir='ltr'><strong>vestris</strong></span> <span class='ocrx_word' id='word_1_356' title='bbox 1285 4907 1349 4981; x_wconf 91' lang='lat' dir='ltr'><strong>sint</strong></span> <span class='ocrx_word' id='word_1_357' title='bbox 1363 4920 1552 5005; x_wconf 86' lang='lat' dir='ltr'><strong>potestatem</strong></span> <span class='ocrx_word' id='word_1_358' title='bbox 1569 4937 1698 5012; x_wconf 90' lang='lat' dir='ltr'><strong>queque</strong></span> 
     </span>
    </p>
   </div>
   <div class='ocr_carea' id='block_1_4' title="bbox 0 0 2468 6528">
    <p class='ocr_par' dir='ltr' id='par_1_4' title="bbox 0 0 2468 6528">
     <span class='ocr_line' id='line_1_33' title="bbox 0 0 2468 6528; baseline 0 0"><span class='ocrx_word' id='word_1_359' title='bbox 0 0 2468 6528; x_wconf 95' lang='lat' dir='ltr'><strong> </strong></span> 
     </span>
    </p>
   </div>
  </div>
 </body>
</html>
