4876 6532
907 633 922 722 (
951 641 1015 700 rus
1041 630 1054 726 )

268 803 303 869 et
324 791 506 866 nudatenus
528 785 720 884 maumetis
743 807 801 858 ros
826 791 885 854 eut·
899 771 1041 876 'poteris
1065 783 1180 882 vestris
1195 806 1254 855 nec
1268 786 1412 860 habeatis
1428 787 1589 864 licmuan
1613 815 1689 864 mo·

268 929 393 996 morata
415 915 548 990 ecclesia
570 922 677 986 vesus
700 911 800 982 mncti
823 909 928 981 sebui
961 931 1036 980 cum
1064 909 1216 982 omibus
1245 913 1433 982 memoratis
1456 939 1498 986 ox
1522 941 1560 988 ea
1583 919 1690 1012 perti-
1815 991 1823 1013 ,

268 1059 379 1124 nantes
402 1046 627 1138 omnibusque.
661 1041 708 1114 eis
721 1039 963 1136 ,putineutibus
986 1047 1025 1110 ut
1048 1059 1144 1132 super
1168 1031 1286 1131 legitur
1309 1041 1459 1126 omuibus
1474 1047 1597 1118 diebus
1620 1050 1687 1121 vite

269 1201 359 1252 meac
381 1173 463 1252 mihi
485 1173 599 1246 were
623 1180 680 1242 eut
701 1169 899 1269 me‘exiude
921 1168 1025 1240 eluere
1040 1189 1101 1238 uec
1115 1167 1259 1263 quolibet
1273 1170 1454 1240 sacerdotes
1468 1173 1522 1244 vel
1536 1174 1690 1248 clericum

270 1315 327 1380 aut
348 1300 544 1376 monebam
568 1309 626 1372 aut
648 1297 711 1370 ulia
733 1297 848 1394 queris
871 1314 1014 1392 persona·
1030 1294 1151 1367 ibidem
1174 1317 1294 1390 ponere
1316 1317 1376 1390 per
1407 1295 1533 1368 nullum
1555 1305 1691 1376 modum
1760 1301 1762 1306 ’

271 1455 329 1504 nec
351 1454 411 1526 per
433 1428 613 1504 summisu's
627 1427 781 1522 personis
804 1448 865 1498 nec
898 1445 957 1518 per
989 1421 1115 1494 nullum
1149 1421 1294 1494 humano
1317 1422 1456 1496 arsitrio
1487 1436 1561 1520 post
1583 1440 1693 1502 autem

269 1577 381 1628 meum
404 1554 572 1626 transitum
596 1563 774 1624 memorata
797 1549 931 1630 eeclesia
964 1557 1070 1619 vestra
1099 1570 1176 1626 cum
1199 1547 1357 1636 omnibus¹
1374 1552 1562 1623 memoratis
1590 1576 1637 1626 er·
1656 1577 1693 1624 ea

269 1683 462 1778 pumontu
486 1681 709 1774 omnibusque.
733 1679 791 1751 eis
812 1676 1052 1772 'pertinmtibus
1076 1685 1110 1748 et
1133 1697 1209 1746 cum
1233 1675 1343 1749 omnin
1366 1701 1432 1772 que
1454 1701 1514 1772 per
1538 1679 1692 1782 inpensa.

269 1829 369 1880 neum
391 1805 473 1878 milri
497 1804 739 1898 adsignaveritis
761 1804 798 1874 in
818 1811 925 1875 vestra
941 1779 1162 1896 posterisque(
1174 1805 1421 1909 memoratoque
1443 1814 1552 1876 sancto
1573 1817 1607 1878 et
1623 1833 1694 1882 cve·

269 1933 406 2007 ncrabili
438 1941 547 2004 vestro
577 1929 774 2002 monasterio
798 1928 1000 2004 rcbertentur
1030 1939 1069 2002 et·
1094 1928 1160 2001 sint
1181 1938 1371 2022 potestatem
1393 1931 1554 2026 quidqmd
1575 1935 1691 2008 exinde

268 2059 375 2128 lacere
397 2054 578 2129 volueritis.
613 2055 642 2126 si
672 2067 752 2128 bero
773 2053 895 2128 mouile
926 2053 975 2128 ibi
1005 2052 1158 2126 offertum
1189 2051 1351 2126 fueritin
1376 2075 1448 2124 mea
1471 2054 1512 2124 sit
1534 2065 1691 2149 potestate

269 2181 405 2254 faciendi
431 2179 548 2254 exinde
570 2181 661 2276 quod
684 2182 833 2256 voluero.
866 2182 896 2254 si
926 2190 1035 2254 autem
1058 2179 1215 2252 inmovile
1248 2179 1295 2251 ibi
1318 2182 1468 2254 offertum
1498 2183 1595 2252 luerit
1619 2193 1692 2278 post

269 2327 381 2378 meunt
403 2303 574 2378 bansitunt
596 2303 633 2379 iu
654 2306 890 2400 messionem
910 2311 1088 2378 mensurate
1111 2303 1242 2378 ecclesie
1266 2313 1372 2376 vestre
1386 2328 1552 2378 remanere
1567 2309 1691 2382 debeas.

271 2431 394 2502 lnterea
428 2449 488 2498 nos
521 2437 702 2498 memorato
737 2427 790 2500 leo
819 2433 853 2500 et
881 2427 985 2497 muria
1017 2428 1139 2521 iugales
1162 2452 1182 2498 a
1206 2428 1258 2502 die
1282 2430 1423 2524 presenti
1447 2432 1635 2504 offeruimus
1659 2444 1693 2505 et

270 2556 459 2632 tradidimus
491 2555 528 2638 io
560 2555 673 2628 sudem
695 2563 804 2626 vestra
830 2551 938 2628 suncti·
966 2554 1078 2628 seberi.
1114 2557 1208 2630 tuest
1240 2580 1344 2630 unum
1367 2560 1513 2632 modium
1537 2570 1621 2635 terre
1651 2563 1691 2632 dc

240 2735 242 2740 ,
272 2695 358 2756 terra
380 2696 490 2756 nostra
512 2707 578 2778 que
601 2693 737 2756 vocatur
760 2693 793 2756 et
816 2682 949 2778 ponitur
972 2681 1007 2751 in
1029 2683 1174 2776 paravoli
1210 2708 1251 2756 oc
1278 2693 1327 2758 est
1356 2712 1375 2758 a
1402 2699 1492 2783 purte
1511 2687 1693 2760 ‘meinana

273 2831 331 2902 per
353 2829 463 2902 passos
483 2816 704 2891 mensuratum
728 2805 825 2880 sicuti
847 2806 1046 2881 commuto
1064 2817 1113 2878 est
1135 2829 1321 2882 mensurare
1346 2812 1386 2882 ad
1402 2833 1531 2905 passum
1546 2814 1688 2882 terreum

272 2948 380 3006 sancte
407 2937 607 3030 neapolitano
641 2936 773 3008 ecclesie
803 2935 934 3034 ubsque.
966 2937 1021 3010 illu
1051 2938 1180 3030 scapula
1211 2941 1269 3032 qui
1296 2938 1341 3008 ibi
1365 2949 1412 3008 est
1435 2939 1470 3008 in
1492 2938 1601 3008 medio
1626 2961 1690 3030 unp

273 3083 349 3134 eum
371 3061 542 3134 erroribus
565 3073 597 3133 et
619 3060 789 3138 introitum
813 3083 909 3134 suum
939 3059 1163 3156 omnibusque.
1195 3061 1257 3132 siri
1284 3059 1515 3156 pertinenb'bus
1550 3059 1690 3130 habente

273 3189 341 3282 ipse
364 3187 512 3260 medium
536 3193 620 3258 terre
644 3211 664 3258 u
686 3195 778 3280 parte
800 3184 1023 3278 septentrionis
1047 3185 1210 3280 reliquum
1238 3209 1280 3257 ex
1302 3187 1371 3279 ipsa
1394 3193 1480 3257 terra
1503 3207 1568 3280 que
1597 3184 1690 3256 nobis

273 3311 508 3386 reewavinm
531 3320 564 3384 et
585 3311 621 3382 in
644 3311 845 3410 aliquantum
867 3311 907 3382 de
931 3320 1015 3380 terra
1039 3309 1196 3384 heredum
1219 3313 1384 3406 quondam
1406 3311 1512 3382 boniti
1536 3311 1576 3382 de
1607 3312 1693 3384 bonu

272 3441 418 3514 mummi.
446 3451 578 3534 aparte
602 3450 712 3512 autem
735 3439 910 3512 occidentis
934 3449 1019 3509 terre
1051 3449 1083 3510 et
1114 3438 1242 3530 scapula
1266 3438 1398 3532 quidem
1421 3438 1510 3532 pauli
1535 3449 1567 3510 et
1590 3441 1692 3513 marie

273 3567 395 3662 iugales
418 3590 573 3660 germano
596 3577 629 3638 ct
652 3577 788 3660 cognata
811 3567 1005 3640 nostriset
1035 3591 1055 3636 u
1087 3577 1175 3660 parte
1205 3564 1361 3635 horientis
1393 3573 1426 3634 et
1447 3563 1583 3640 meridie
1606 3576 1692 3637 terra

272 3695 441 3770 memorati
473 3694 626 3768 heredum
662 3695 835 3768 memorati
868 3695 972 3764 boniti
1007 3695 1047 3766 de
1080 3716 1164 3764 rona
1192 3693 1325 3764 memmi
1360 3694 1453 3764 sicuti
1486 3695 1555 3788 ipsa
1586 3695 1693 3765 meri-

273 3823 368 3900 diana
393 3831 518 3918 partem
541 3824 661 3894 exfinat
683 3821 815 3915 egripus
838 3821 1033 3892 communis.
1064 3831 1101 3892 ut
1134 3843 1175 3894 ar
1207 3821 1339 3892 odierna
1363 3819 1415 3894 die
1438 3823 1473 3892 in
1497 3823 1608 3894 eadem
1631 3843 1693 3894 ec-

272 3951 366 4026 clesia
389 3961 496 4023 restra
519 3949 620 4050 uncti
642 3947 746 4020 seheri
768 3947 834 4018 siut
855 3939 1045 4052 pitestetem
1074 3949 1116 4022 ad
1149 3947 1307 4020 eluendum
1334 3947 1380 4018 ibi
1404 3948 1483 4020 illud
1509 3947 1545 4018 in
1566 3949 1693 4043 sempi-

271 4085 409 4146 ternum
433 4085 467 4144 et
488 4095 597 4168 neque
621 4097 640 4142 a
663 4069 758 4142 nobis
780 4081 961 4144 memorato
983 4071 1070 4146 leoni
1094 4083 1126 4144 et
1149 4071 1251 4144 maria
1275 4073 1398 4166 iugales
1412 4095 1553 4168 nequea
1576 4074 1693 4145 uostris

272 4199 443 4272 heredibus
466 4199 556 4269 nullo
579 4209 723 4290 tempore
746 4217 914 4294 uunquam
942 4196 1011 4292 ipsa
1044 4197 1176 4276 ecclesia
1199 4209 1306 4270 vestre
1336 4201 1426 4294 quod
1449 4199 1532 4272 absit
1553 4198 1693 4274 habeant

273 4324 387 4396 exinde
410 4323 589 4416 aliquando*
605 4345 809 4417 quacumque
833 4322 1078 4418 requisitionem
1102 4335 1158 4395 aut
1173 4323 1318 4394 molestia
1335 4348 1393 4417 per
1406 4327 1532 4398 nullum
1551 4329 1691 4422 ‘mudum

272 4475 330 4524 nec
353 4475 412 4546 per
434 4450 609 4524 summissis
631 4450 775 4544 personis
798 4450 841 4522 ha
865 4474 951 4522 nune
974 4463 1007 4524 ct
1029 4455 1064 4522 in
1088 4455 1250 4546 perpetuis
1264 4453 1463 4546 temporibus
1479 4454 1689 4548 temporibus.

271 4577 404 4668 Insuper
427 4573 518 4648 omni
531 4586 676 4670 tempore
690 4598 748 4648 nos
765 4583 797 4646 et
811 4573 944 4647 heredes
958 4575 1076 4646 nostris
1093 4576 1200 4648 eidem
1213 4575 1343 4648 ecclesie
1356 4586 1461 4649 vestre
1475 4589 1691 4652 memoratum

271 4703 419 4776 modium
441 4703 637 4800 terretquod
660 4701 809 4797 superius
838 4701 885 4772 ibi
920 4703 1109 4778 offeruimus
1139 4703 1179 4774 ab
1214 4726 1326 4777 omnes
1357 4706 1505 4780 homines
1535 4709 1689 4804 omnique

271 4850 407 4922 persona
429 4829 465 4900 in
487 4828 637 4910 omuibus
661 4837 818 4900 antestare
841 4837 874 4898 ct
898 4811 1065 4900 ¹defensare
1088 4829 1307 4924 promittimus
1331 4830 1577 4927 imperpetuum.
1602 4833 1688 4920 Qum

271 4954 315 5026 ita
338 4952 432 5028 nobis
454 4953 646 5050 complacui.
672 4954 708 5028 Si
723 4963 831 5032 autem
845 4977 905 5032 uus
920 4954 1105 5030 memoratis
1131 4955 1330 5052 genitoribus
1355 4973 1387 5032 et
1404 4959 1471 5034 lilio
1487 4969 1543 5038 aut
1559 4959 1692 5036 heredes
