4900 6528
828 787 831 794 Ι
922 692 1065 792 (243)

281 895 302 944 ,Ι
307 890 434 916 ......
445 882 458 914 ··
472 887 602 914 ······
616 838 716 914 modo
738 846 772 914 ei
793 853 920 935 tempti
942 849 980 914 iu
1003 839 1056 916 vol
1078 839 1211 922 heredes
1233 846 1298 922 tuis
1320 847 1437 926 exindo
1459 851 1547 928 vium
1569 851 1689 930 havere

273 971 414 1044 derectis
436 987 513 1040 cnm
535 965 625 1039 omni
648 973 788 1039 restrem
810 962 981 1042 utilitatem
1013 965 1164 1064 ubsque:
1198 971 1288 1048 omni
1317 987 1428 1052 nostre
1449 979 1503 1055 vel
1526 981 1568 1058 de
1590 981 1694 1057 bere.

272 1095 366 1170 dibus
389 1093 507 1168 nostris
529 1091 788 1167 contrarietatem
809 1089 864 1166 rel
886 1091 1117 1188 requisitione:
1143 1095 1275 1192 Insuper
1297 1104 1515 1196 promittimus
1530 1109 1589 1182 tivi
1604 1121 1641 1186 ut
1659 1111 1688 1185 si

272 1223 389 1318 queris
410 1241 547 1316 persom
569 1215 769 1294 surrexeris:
795 1223 829 1290 et
850 1222 888 1288 tu
911 1215 1040 1316 tuisque
1057 1218 1231 1296 herodibus
1246 1219 1363 1298 educe
1377 1225 1533 1324 quesieris
1545 1249 1603 1324 pos
1619 1259 1693 1310 me.

270 1356 397 1422 morum
419 1343 566 1416 chartule
588 1338 837 1438 wmptrttionit
844 1387 1141 1418 ··············
1148 1367 1207 1422 uos
1230 1343 1284 1423 vel
1306 1349 1442 1428 hcmdes
1465 1355 1582 1428 nostris
1604 1359 1697 1436 uobis

273 1477 412 1570 desuper
433 1470 545 1547 tollere
568 1477 603 1544 et
623 1470 738 1544 uettos
760 1472 867 1548 fecero
890 1472 1086 1548 teceamus:
1112 1471 1200 1560 Quin
1222 1475 1268 1548 ite
1290 1477 1374 1554 inter
1400 1481 1494 1558 nobis
1516 1483 1694 1562 indicatum

272 1609 343 1674 est:
368 1598 405 1672 Si
427 1605 536 1674 eutem
558 1596 653 1674 ubter
674 1596 846 1672 fecerimus
867 1617 928 1670 nos
950 1597 1004 1672 vel
1025 1595 1159 1672 boredcs
1187 1597 1304 1674 nocuis
1332 1602 1372 1676 de
1394 1603 1423 1676 is
1446 1607 1597 1686 omnibus
1618 1633 1697 1688 ms.

273 1723 410 1800 moretis
432 1733 470 1798 ot
491 1747 590 1822 super
612 1723 732 1818 iegitur
744 1745 804 1821 per
821 1721 970 1820 quolirot
993 1721 1130 1798 modum
1144 1731 1202 1798 tut
1219 1725 1417 1802 summissis:
1435 1735 1600 1823 personis:
1619 1745 1697 1810 tnnc

275 1855 500 1950 componimus
521 1855 582 1928 tivi
606 1851 756 1949 tueque:
782 1849 956 1928 heredibus
978 1850 1051 1924 nuri
1073 1850 1194 1926 solidos
1216 1855 1389 1932 duodecim
1410 1856 1635 1954 bythinuteos:
1660 1875 1694 1938 et

272 1983 338 2058 hec
358 1981 503 2056 oburtulu
510 2022 805 2056 .............
812 1987 850 2052 ut
871 1999 968 2076 super
998 1975 1119 2073 legitur
1140 1976 1183 2050 tii
1204 1977 1325 2054 firmet
1349 1979 1467 2079 scripu
1494 2007 1555 2081 per
1577 2007 1693 2064 manus

285 2106 383 2204 sergii
406 2105 535 2180 curialis
557 2126 617 2202 per
638 2111 815 2180 memorrts
837 2101 1010 2177 indictione
1033 2099 1066 2198 †

373 2231 438 2304 boc
460 2232 589 2327 siguum
611 2227 643 2324 †
666 2250 780 2304 munus
802 2234 982 2302 memorate
1013 2223 1140 2302 merim
1165 2233 1198 2302 et
1219 2225 1326 2324 sergio
1349 2237 1382 2304 et
1405 2230 1499 2304 leone
1534 2232 1697 2328 germanis

278 2355 1443 2454 quodegoqnimemoretosrbsisrogitusproeissubscripsi†

370 2485 435 2556 hoc
456 2485 627 2556 memorati
649 2501 762 2554 sumus
785 2486 824 2550 ut
845 2488 914 2550 tote
936 2489 1114 2556 memoratu
1135 2484 1189 2556 vis
1211 2505 1317 2558 essue
1335 2483 1458 2560 deveod
1471 2485 1513 2562 de
1526 2485 1701 2564 nundine

277 2622 436 2712 quantum
458 2615 708 2686 esturmenta
719 2653 1065 2680 ···············
1071 2608 1205 2684 heredes
1227 2610 1345 2686 norb
1366 2635 1425 2708 per
1447 2613 1522 2710 ipsu
1539 2614 1594 2688 rie
1607 2613 1696 2692 ben·

277 2740 356 2812 dere
379 2735 518 2812 derectis
525 2781 916 2812 ·················
924 2729 1114 2806 uffliiticmt
1139 2739 1173 2806 ct
1195 2743 1233 2810 tu
1256 2745 1289 2810 et
1311 2735 1445 2813 heredes
1470 2738 1536 2814 tuis
1559 2763 1618 2838 per
1632 2741 1701 2837 ipsu

277 2869 333 2942 via
354 2865 496 2940 bundare
519 2863 660 2940 dereuds
690 2860 880 2938 cumomni
903 2865 1010 2934 vestm
1041 2857 1243 2938 utilitatem:
1278 2863 1307 2936 si
1337 2865 1431 2940 editu
1462 2867 1633 2946 fecerimus
1664 2869 1702 2944 in

277 2999 457 3066 memorate
478 3011 562 3086 pene
585 2987 806 3064 sobirccemuc

374 3117 406 3212 †
428 3140 491 3216 ego
513 3117 638 3214 sergius
661 3115 746 3193 tilius
769 3114 893 3192 domiui
914 3113 999 3212 petri
1020 3121 1154 3214 rogetus
1169 3138 1189 3190 e
1204 3115 1433 3213 supruscriptes
1456 3135 1610 3213 personne
1627 3119 1702 3192 testi

277 3247 452 3344 subscripsi
474 3242 506 3339 †

374 3375 492 3472 †ego
513 3369 653 3444 ocsuirn
675 3365 761 3442 filius
783 3366 908 3442 domini
929 3363 1017 3462 sergi
1030 3365 1440 3464 rogutnsesuprussriptcs
1456 3339 1609 3462 pereum
1623 3367 1698 3442 testi
1859 3483 1861 3488 Ι

158 3551 162 3562 ·
276 3499 508 3598 omnim

376 3629 407 3726 †
431 3631 502 3724 Ego
526 3623 695 3722 gregorios
717 3621 804 3698 titius
818 3619 942 3698 domini
955 3618 1104 3694 iohannis
1121 3625 1253 3716 rogetus
1268 3640 1288 3689 o
1303 3615 1532 3712 suprascriptos
1548 3635 1700 3712 personne

279 3759 355 3832 tosti
377 3753 550 3848 subscripsi
574 3751 607 3846 †

375 3880 407 3977 †
428 3881 505 3978 Ego
526 3877 650 3974 sergius
672 3874 810 3953 Coriolis
834 3874 1000 3974 Compleri
1024 3883 1057 3950 et
1080 3875 1204 3952 ubsolri
1220 3874 1317 3952 dicet
1331 3871 1503 3951 indictione
1518 3883 1696 3948 memorutr

283 4005 453 4106 nutet
