4854 6528
908 995 1002 1069 cml.

336 1251 368 1348 †
391 1253 429 1323 ln
452 1253 586 1324 nomine
609 1250 734 1325 domini
758 1252 810 1325 dei
832 1251 999 1324 salvatoris
1022 1253 1125 1325 nosti
1147 1253 1243 1328 lbesu
1265 1253 1385 1330 Gbristi
1407 1259 1586 1355 imperante
1599 1268 1664 1338 do·
1729 1297 1784 1345 an.

241 1377 331 1450 mino
354 1385 466 1450 nostro
488 1375 602 1448 basilio
624 1399 744 1472 magno
767 1378 965 1472 Imperatore
991 1397 1075 1450 anno
1089 1380 1323 1454 tertiodecimo.
1341 1384 1397 1456 sod
1414 1395 1447 1456 et
1463 1391 1664 1460 constantino
1714 1409 1799 1470 973.

240 1528 361 1600 magno
384 1505 579 1599 imperatore
601 1506 701 1576 irater
724 1505 793 1577 eius
817 1526 903 1576 anno
926 1503 1063 1576 decimo.
1081 1511 1114 1574 et
1128 1504 1301 1580 iohannem
1330 1531 1449 1602 magno
1472 1514 1664 1608 imperatore

239 1633 299 1706 sed
323 1640 356 1704 et
378 1653 463 1702 anno
485 1631 593 1702 tertio.
619 1629 681 1701 Die
705 1629 829 1703 decima
852 1627 972 1700 mensis
1000 1627 1156 1700 februarii
1187 1629 1359 1703 indictione
1383 1634 1488 1726 prima
1510 1641 1660 1732 neapoli:

240 1755 441 1852 Dispositum
464 1756 585 1826 iactum
602 1779 621 1826 a
640 1775 693 1824 me
708 1753 864 1849 stephano
880 1753 939 1848 qni
955 1773 1052 1847 supra
1077 1773 1197 1826 nomen
1210 1753 1448 1850 basupiocnlum
1464 1761 1516 1833 De
1531 1783 1661 1836 omnem
1752 1800 1763 1810 -

238 1909 313 1959 mea
343 1883 517 1956 substantia
545 1883 683 1980 qualiter
710 1883 845 1956 interius
872 1881 1060 1955 indicavero
1090 1882 1222 1954 marum
1245 1891 1278 1955 et
1300 1885 1445 1958 stauilem
1476 1903 1663 1982 permaneat

238 2014 491 2106 imperpetuum.
518 2007 661 2104 primum
684 2009 832 2082 omnium
865 2007 1002 2102 dispono
1033 2015 1161 2100 petrum
1185 2017 1218 2080 et
1242 2010 1343 2082 maria
1370 2012 1468 2084 serbo
1491 2021 1525 2088 et
1549 2018 1664 2089 aneilla

239 2144 321 2214 meis
336 2151 373 2212 nt
387 2149 460 2237 post
474 2160 586 2212 meum
606 2139 731 2214 ovitum
754 2145 962 2234 permaneant
983 2134 1095 2208 liberis
1127 2159 1188 2231 pro
1223 2139 1330 2211 anima
1353 2163 1425 2213 mea
1450 2165 1525 2215 cum
1549 2167 1661 2216 omnes

238 2267 387 2358 ipsorum
419 2263 595 2362 peculiares
617 2271 651 2336 et
672 2261 869 2336 bonimontis
891 2283 949 2336 sen
981 2261 1194 2336 stromaoiolis
1221 2271 1270 2336 set
1292 2264 1349 2360 qni
1373 2289 1416 2338 ex
1438 2266 1485 2338 eis
1507 2289 1542 2340 sa
1566 2269 1661 2341 serbo

239 2389 295 2460 rel
320 2387 433 2460 ancilla
456 2385 623 2460 tradiderit
646 2393 703 2457 aut
726 2385 867 2457 succuba
889 2385 1050 2458 introierit
1072 2395 1129 2461 aut
1151 2388 1179 2461 si
1203 2387 1317 2461 aneilla
1339 2390 1393 2464 rel
1415 2392 1545 2465 terbum
1569 2416 1661 2465 uxo-

237 2538 312 2590 rem
334 2515 388 2588 vet
411 2513 520 2588 virum
542 2511 753 2586 aderitum
784 2509 855 2582 eius
888 2511 996 2603 portio
1021 2515 1215 2606 appreendat
1241 2515 1339 2590 abbas
1373 2519 1557 2592 monasterii
1581 2543 1663 2594 san-

237 2654 368 2714 ctornm
391 2637 528 2712 seberini
543 2646 576 2710 et
590 2635 670 2712 sossi
685 2636 743 2709 ubi
757 2656 873 2708 eornm
888 2633 1270 2732 venerabilia'quiesonnt
1292 2665 1429 2738 oorpora
1451 2653 1485 2717 et
1503 2645 1661 2740 igumeno

235 2767 425 2841 monasterii
448 2775 631 2839 sanctornm
654 2763 802 2839 theodori
815 2771 849 2837 et
870 2762 1039 2836 sebastiani
1062 2763 1121 2859 qni
1143 2767 1319 2862 appellatur
1342 2770 1498 2864 casapiota
1512 2772 1609 2846 situm
1626 2774 1662 2846 in

236 2891 408 2966 viridiario
438 2898 473 2962 et
504 2891 539 2962 in
574 2888 725 2961 omnibus
757 2911 833 2960 enm
864 2887 1003 2962 liberum
1038 2887 1179 2999 faoiantt
1213 2893 1347 2986 Insuper
1379 2895 1420 2966 ad
1453 2892 1663 2968 havitantum

234 3031 269 3092 at
295 3021 342 3092 eis
367 3019 527 3114 reliquere
555 3017 691 3112 dispono
725 3017 791 3088 vite
814 3035 949 3088 suorum
982 3016 1106 3112 integra
1141 3017 1275 3091 domum
1304 3043 1378 3092 mea
1401 3021 1506 3116 posita
1530 3023 1566 3094 in
1589 3025 1663 3096 rico

234 3151 297 3246 qui
322 3155 457 3222 rotatur
479 3147 620 3221 senarini
643 3167 720 3220 oum
742 3145 949 3220 interioribus
964 3155 997 3220 et
1011 3147 1233 3244 superioribus
1254 3147 1404 3222 uberibus
1428 3159 1460 3223 et
1484 3155 1663 3247 aspectibus

232 3274 337 3348 simul
359 3295 435 3346 oum
458 3273 628 3344 introitum
650 3291 746 3344 snum
761 3269 986 3366 omnibusque.
1003 3272 1066 3342 sivi
1081 3271 1314 3365 pertinentibus
1333 3281 1406 3366 post
1422 3283 1531 3346 autem
1547 3301 1662 3349 eorum

234 3402 318 3476 dieti
340 3401 424 3497 petri
439 3408 472 3473 et
486 3401 608 3472 mariae
632 3399 802 3472 transitum
824 3404 1004 3470 memorata
1027 3397 1137 3468 inolita
1161 3399 1296 3470 domum
1319 3420 1391 3472 mea
1414 3423 1490 3473 curn
1511 3405 1662 3476 omnibus

231 3529 470 3626 pertinentibus
492 3537 531 3601 ut
552 3550 648 3625 super
680 3527 801 3622 legitur
833 3525 1035 3599 rebertantur
1058 3531 1091 3596 et
1113 3524 1177 3596 sint
1208 3525 1321 3598 offerta
1355 3549 1416 3622 pro
1449 3527 1556 3610 anima
1588 3555 1660 3603 mea

232 3659 270 3732 in
295 3666 477 3730 memorato
499 3655 696 3730 monasterio
719 3663 904 3738 sanctorum
927 3651 1065 3726 seberini
1089 3661 1121 3726 et
1155 3651 1235 3726 sossi
1258 3659 1291 3724 et
1313 3653 1349 3725 in
1371 3663 1551 3728 memorato
1583 3680 1662 3729 mo-

232 3783 378 3856 nasterio
402 3791 586 3853 sanctorum
618 3779 767 3851 theodori
791 3787 824 3849 et
847 3775 1016 3848 sebastiani
1040 3786 1073 3848 et
1096 3777 1241 3851 dividant
1271 3778 1333 3852 siri
1356 3779 1411 3852 illa
1438 3781 1523 3855 inter
1545 3805 1580 3856 se
1602 3809 1661 3880 per

229 3909 427 3986 sexuncias:
451 3907 577 4004 reliqua
600 3929 679 3979 vero
702 3928 832 3978 omnem
855 3925 961 3978 meam
984 3903 1159 3978 substantia
1182 3907 1223 3979 de
1246 3907 1333 3980 intus
1348 3917 1381 3980 et
1393 3911 1473 3982 ioris
1497 3933 1555 3984 sen
1578 3935 1660 4005 pre-

229 4039 321 4110 tinm
344 4032 567 4128 omnibusque.
591 4031 639 4103 eis
662 4029 895 4126 pertinentibus
918 4029 981 4100 sint
996 4027 1140 4100 oblatum
1156 4038 1189 4103 et
1203 4031 1358 4106 traditum
1380 4057 1443 4130 pro
1466 4036 1572 4108 anime
1588 4059 1661 4113 mea

229 4165 267 4236 in
293 4161 410 4233 eodem
432 4155 627 4231 monasterio
649 4165 834 4229 sanctorum
865 4154 1013 4226 theodori
1038 4161 1071 4226 et
1093 4153 1275 4231 sebastiani.
1300 4158 1458 4254 iungendi
1492 4161 1661 4238 minuendi

230 4291 273 4363 de
299 4282 451 4358 omnibus
485 4281 669 4357 memoratis
692 4280 759 4354 sibe
783 4281 824 4352 de
846 4287 954 4352 totum
977 4279 1030 4353 vel
1054 4305 1096 4354 ex
1120 4292 1211 4380 parte
1234 4283 1385 4358 omnibus
1412 4285 1479 4358 vite
1511 4309 1602 4362 meae
1625 4291 1662 4362 in

127 4425 133 4438 '
229 4437 308 4490 mea
332 4413 375 4484 sit
397 4418 587 4506 potestatem
612 4407 752 4504 qualiter
775 4407 880 4479 tacere
904 4413 961 4479 aut
984 4406 1126 4483 indicare
1149 4409 1296 4482 voluero.
1313 4407 1438 4480 Habeat
1453 4419 1560 4482 saneta
1576 4436 1659 4487 nea·

227 4543 374 4638 potitana
399 4539 530 4610 ecelesia
553 4559 615 4630 pro
637 4535 807 4607 luminaria
831 4535 961 4630 absque.
984 4535 1102 4609 iniuria
1126 4537 1271 4610 tremisse
1286 4557 1389 4610 unum
1403 4537 1656 4633 neapolitanum:

227 4668 266 4740 Si
293 4665 368 4760 qnis
392 4673 500 4733 antem
524 4661 640 4756 quavis
663 4679 815 4753 personas
838 4659 937 4753 parba
952 4667 1009 4732 aut
1022 4681 1139 4755 magna
1162 4663 1280 4756 quovis
1296 4671 1442 4760 tempore
1465 4673 1576 4739 contra
1592 4667 1659 4740 bne

226 4788 408 4863 firmissum
429 4805 541 4857 meum
565 4782 756 4877 dispositum
778 4791 816 4854 nt
838 4805 935 4878 super
958 4783 1077 4878 legitur
1093 4785 1204 4858 venire
1222 4789 1428 4884 presumserit
1442 4798 1476 4864 et
1491 4793 1527 4866 in
1542 4795 1659 4890 quovis

228 4911 412 5008 capitulum
435 4909 563 4981 irritum
587 4907 640 4978 uel
663 4906 804 4980 bacuum
829 4929 905 4980 eum
928 4909 1032 4981 iacere
1047 4910 1202 5006 quesierit
1217 4935 1276 5008 per
1290 4935 1325 4989 se
1340 4923 1397 4988 aut
1410 4939 1468 5013 per
1482 4919 1659 4996 summissis

227 5061 398 5140 personas.
432 5047 511 5112 tuna
542 5043 715 5136 componat
746 5039 814 5134 ipse
838 5045 871 5112 et
893 5037 1025 5114 heredes
1052 5039 1186 5117 eiusad
1214 5050 1340 5140 partem
1363 5048 1422 5146 qui
1445 5045 1510 5121 huc
1545 5071 1657 5124 meum

336 5167 402 5238 Vei.
427 5167 474 5236 ΙΙ.
1264 5185 1307 5247 28
1430 5169 1439 5180 “
