4854 6528
1367 893 1504 966 CXUV.

598 1177 652 1225 an.
808 1153 899 1249 †1n
921 1151 1054 1224 nomine
1077 1149 1203 1223 domini
1226 1148 1280 1222 dei
1301 1149 1471 1220 salvatoris
1493 1146 1602 1219 nostri
1622 1144 1721 1218 ihesu
1743 1138 1866 1215 Christi
1879 1139 2066 1238 Imperante
2081 1149 2149 1222 do-

576 1285 662 1350 970.
719 1281 810 1353 mino
832 1287 943 1353 nostro
965 1276 1080 1348 basilio
1113 1295 1232 1366 magno
1262 1273 1461 1363 Imperatore
1493 1291 1578 1338 anno
1608 1259 1781 1339 undecimo
1803 1267 1861 1340 sed
1884 1276 1917 1340 et
1939 1275 2145 1346 constantino

719 1431 837 1503 magno
860 1409 1055 1500 Imperatore
1079 1403 1148 1473 eius
1170 1399 1270 1466 frater
1299 1415 1384 1465 anno
1415 1393 1531 1465 oetabo
1562 1393 1615 1467 die
1647 1393 1911 1490 vicesimoquinta
1935 1399 2054 1471 mensis
2078 1401 2143 1474 de-

720 1532 854 1606 cembrii
869 1529 1043 1600 indictione
1059 1521 1297 1618 quartadecima
1313 1522 1459 1618 neapoli:
1485 1521 1618 1596 Certrrrn
1634 1531 1683 1596 est
1697 1543 1750 1595 me
1764 1522 1988 1596 tbeodonanda
2007 1527 2142 1601 honesta

719 1660 837 1730 femina
853 1653 916 1724 filia
936 1650 1100 1746 quondam
1116 1648 1240 1724 domini
1251 1649 1365 1723 cesarii
1380 1649 1506 1723 ferrarii
1515 1673 1580 1723 una
1591 1673 1667 1724 cnm
1680 1671 1837 1724 consensu
1853 1650 1977 1725 domini
1992 1653 2140 1727 iohannis

719 1783 782 1854 viri
805 1779 890 1850 mei:
926 1778 957 1848 Α
985 1777 1125 1872 presenti
1158 1777 1211 1852 die
1243 1775 1461 1874 promtissima
1485 1779 1650 1852 voluntate
1672 1779 1854 1852 venundedi
1883 1787 1918 1852 et
1940 1781 2056 1852 tradidi
2080 1781 2139 1851 tibi

719 1903 870 1998 gregorio
894 1903 1028 1976 ferrario
1052 1903 1120 1976 filio
1144 1905 1277 2000 quidem
1299 1903 1386 1977 leoni
1410 1905 1570 1978 monacho
1597 1906 1743 1979 ferrario.
1776 1906 1870 1976 IDest
1898 1907 2023 1999 integra
2047 1907 2135 1980 inie-

718 2029 806 2100 riora
829 2037 937 2102 nostra
961 2053 1026 2102 una
1049 2051 1125 2102 eum
1148 2031 1272 2125 integra
1296 2032 1385 2126 regia
1408 2041 1518 2105 nostra
1541 2034 1599 2128 qui
1622 2040 1698 2106 exet
1720 2031 1755 2104 in
1773 2032 1883 2106 uuum
1907 2032 2071 2128 publicum
2096 2035 2138 2108 ad

718 2165 863 2226 sanetum
887 2157 1058 2251 georgium
1082 2179 1146 2228 nna
1169 2177 1245 2230 oum
1262 2157 1386 2252 integre
1401 2159 1500 2252 grado
1517 2167 1624 2232 nostre
1639 2159 1755 2232 favmto
1769 2167 1803 2230 et
1818 2181 1894 2231 eum
1915 2181 2027 2234 areum
2041 2181 2138 2232 snum

720 2305 884 2376 quamque
909 2291 942 2352 et
965 2281 1130 2374 integrum
1152 2279 1335 2354 membrum
1358 2285 1568 2356 constitutum
1597 2285 1632 2358 in
1655 2293 1751 2378 caput
1775 2287 1816 2358 de
1840 2294 2016 2356 memorate
2039 2285 2141 2380 grado

721 2417 753 2480 et
776 2417 823 2478 est
847 2428 944 2498 super
967 2415 1142 2478 memorata
1165 2405 1318 2479 iuferiora
1341 2431 1406 2480 una
1430 2432 1505 2479 cnm
1529 2410 1669 2501 integras
1693 2411 1844 2480 fenestras
1868 2410 1926 2503 qui
1950 2392 2139 2502 peripsum

719 2531 902 2604 membrum
925 2530 1029 2602 reiicit
1052 2530 1086 2600 iu
1108 2540 1199 2626 parte
1222 2532 1397 2604 oecidentis
1429 2552 1525 2626 super
1551 2531 1663 2614 vicum
1695 2531 1860 2626 publicum
1886 2553 1963 2604 cum
1986 2534 2141 2605 omuibus

718 2659 780 2730 sivi
803 2657 1055 2750 pertinentibus:
1090 2657 1250 2750 simulque
1282 2655 1464 2743 venundedi
1491 2655 1550 2725 tibi
1578 2663 1611 2726 et
1633 2655 1740 2748 portio
1764 2657 1805 2728 de
1829 2653 1929 2727 alium
1952 2655 2137 2730 membrum

718 2807 828 2856 meum
852 2784 910 2880 qui
933 2793 982 2858 est
1003 2784 1198 2880 longanoum
1222 2805 1385 2854 unacum
1415 2781 1564 2874 portione
1588 2782 1629 2852 de
1653 2780 1826 2854 cellareum
1848 2791 1996 2854 nostrum
2024 2783 2135 2856 subtus

720 2935 754 2983 se
777 2912 841 2983 boe
864 2923 912 2984 est
935 2940 954 2984 a
976 2923 1068 3010 parte
1091 2912 1348 3008 septemptrionis
1364 2912 1555 2984 ooniuntum
1572 2933 1648 2982 cum
1664 2919 1839 2984 memorata
1862 2911 2006 2984 membra
2024 2912 2135 2985 subtus

721 3045 754 3110 et
777 3058 873 3128 super
896 3057 954 3108 se:
984 3037 1150 3130 ‘simulque
1181 3036 1302 3108 iterum
1333 3035 1516 3108 venundedi
1545 3034 1604 3106 tibi
1627 3043 1660 3106 et
1682 3035 1806 3130 integra
1829 3038 1977 3131 portione
2001 3037 2135 3108 moade

723 3162 824 3233 alium
847 3162 1031 3235 membrum
1054 3184 1165 3236 meum
1188 3165 1415 3260 seobopertum
1440 3165 1551 3236 subtus
1567 3172 1600 3236 et
1613 3187 1709 3260 super
1726 3164 1785 3260 qni
1800 3173 1850 3236 est
1865 3191 1882 3234 a
1899 3174 1989 3259 parte
2006 3165 2138 3236 orientis

722 3313 786 3360 una
810 3312 884 3362 eum
908 3287 1057 3383 portione
1082 3289 1122 3360 de
1145 3287 1246 3362 alium
1269 3291 1452 3366 membrum
1476 3295 1516 3366 da
1540 3289 1626 3364 intus
1649 3316 1669 3362 a
1693 3297 1782 3384 parto
1805 3289 2039 3384 septemtrionis
2063 3299 2095 3359 et
2109 3289 2138 3360 si

721 3414 842 3488 ibidem
865 3416 900 3484 in
922 3415 1029 3508 ipsum
1051 3415 1235 3490 membrum
1258 3418 1417 3492 solareum
1441 3422 1544 3494 tacere
1560 3416 1726 3490 volueritis
1740 3416 1900 3488 licentiam
1915 3415 2055 3488 habeatis
2071 3415 2131 3486 heo

722 3564 803 3614 vero
826 3541 977 3614 omuibus
999 3545 1186 3616 memoratis
1209 3568 1285 3626 cum
1308 3545 1435 3616 aeribus
1459 3553 1492 3616 et
1514 3543 1692 3638 aspectibus
1714 3543 1780 3614 suis
1803 3565 1965 3638 quamque
1981 3565 2056 3612 cum
2085 3543 2142 3612 in*

722 3667 833 3744 troitus
855 3691 929 3740 suas
952 3675 985 3738 at
1007 3668 1156 3740 omnibus
1188 3667 1250 3739 sivi
1273 3666 1504 3762 pertinentibus
1535 3675 1693 3762 quantum
1717 3675 1749 3738 et
1772 3665 1937 3760 quomodo
1959 3664 2040 3735 mibi
2064 3664 2133 3735 ob·

720 3791 809 3862 benit
831 3816 889 3886 per
913 3791 1027 3861 notitia
1051 3791 1216 3862 divisionis
1241 3816 1260 3860 a
1283 3789 1448 3886 quondam
1470 3789 1609 3862 iohanne
1632 3789 1768 3862 ferrario
1788 3809 1942 3882 germano
1957 3809 2030 3864 meo
2052 3789 2138 3860 unde

723 3919 761 3992 tu
782 3918 849 3986 iam
872 3917 941 4010 ipsa
963 3918 1071 4012 portio
1094 3939 1152 3988 sua
1176 3917 1216 3988 de
1239 3926 1417 3990 memorata
1441 3918 1575 3990 domum
1597 3923 1718 3989 emtam
1742 3915 1816 4002 abes
1840 3915 1925 3988 unde
1948 3913 2029 3986 nibil
2054 3913 2135 3984 mibi

723 4041 840 4111 exinde
864 4043 1044 4112 remansit:
1080 4052 1128 4114 set
1159 4067 1201 4114 av
1233 4043 1366 4116 odierna
1395 4044 1447 4116 die
1470 4053 1504 4114 et
1526 4043 1675 4136 deinceps
1698 4043 1758 4112 beo
1782 4040 1931 4114 omnibus
1954 4040 2139 4120 memoratis

721 4167 806 4268 siout
829 4167 977 4259 superius
1000 4166 1118 4259 legitur
1142 4194 1171 4240 a>
1184 4191 1238 4240 me
1261 4170 1321 4240 tibi
1343 4172 1386 4240 sit
1401 4170 1620 4242 venundatum
1635 4176 1668 4239 et
1684 4167 1837 4240 traditum
1852 4168 2010 4264 quidquid
2025 4167 2140 4238 exinde

722 4293 827 4362 iacere
850 4289 1017 4366 volueritis
1040 4290 1173 4364 liberam
1196 4291 1340 4362 habeatis
1362 4299 1538 4384 potestate:
1565 4299 1598 4362 et
1624 4291 1764 4386 neque'a
1780 4315 1832 4363 me
1849 4300 2026 4363 memorata
2041 4289 2140 4360 theo-

723 4419 871 4490 donanda
893 4417 1025 4492 honesta
1048 4421 1167 4492 femina
1192 4444 1257 4492 una
1279 4442 1354 4490 curn
1378 4439 1534 4489 consensu
1558 4417 1726 4488 memorati
1744 4418 1807 4490 viri
1822 4417 1887 4488 mei
1902 4440 2008 4511 neque
2023 4442 2042 4486 a
2060 4417 2140 4488 meis

720 4549 894 4628 heredibus
918 4557 972 4626 vel
996 4579 1014 4624 a
1034 4551 1129 4626 'nobis
1152 4553 1296 4648 personis
1319 4551 1497 4624 summissis
1521 4549 1611 4622 nullo
1634 4557 1778 4644 tempore
1802 4569 1981 4644 numquam
2003 4559 2040 4621 tu
2064 4571 2139 4618 me-

722 4685 849 4743 morato
874 4681 1024 4770 gregorio
1049 4682 1183 4752 ferrario
1207 4689 1263 4751 aut
1286 4679 1420 4778 heredes
1444 4679 1509 4750 tuis
1533 4679 1622 4774 quod
1639 4677 1720 4748 absit
1739 4676 1857 4749 abeatis
1881 4676 1998 4747 exinde
2022 4676 2140 4769 requi-

721 4800 838 4870 sitione
872 4825 931 4894 Per
963 4804 1089 4884 nullum
1126 4811 1259 4880 modum
1283 4809 1556 4902 inperpetuum:
1582 4807 1716 4900 lnsuper
1739 4807 1828 4876 omui
1852 4812 1994 4899 tempore
2022 4824 2083 4895 ego
2108 4815 2140 4873 et

721 4928 857 5002 heredes
890 4931 970 5003 meis
1003 4931 1118 5004 exinde
1151 4935 1191 5003 ab
1224 4937 1314 5006 omni
1344 4936 1477 5008 homine
1510 4933 1665 5027 omnique
1692 4955 1827 5028 persona
1849 4933 1884 5004 in
1899 4930 2059 5040 'omnibus
2083 4930 2143 5004 tivi
