4900 6528
896 659 1050 756 (ssa)

260 821 461 917 potuerimus
485 825 522 891 nt
545 816 699 888 diximus.
722 814 836 909 primis
860 813 919 886 tibi
943 817 1072 910 tuisque
1086 813 1260 888 heredibus
1273 838 1337 894 nos,
1350 824 1383 888 et
1396 817 1532 891 horedus
1555 827 1683 892 nostros

264 949 306 1022 do
329 945 472 1020 colludio
495 943 621 1037 legibus
645 940 739 1012 bouis
761 941 871 1012 iurare
894 938 1120 1033 obligavimus.
1156 949 1190 1012 et
1213 963 1445 1036 componamus
1468 946 1684 1042 suprascripto

264 1075 405 1173 pretium
424 1074 459 1146 in
483 1071 619 1167 duplum
642 1077 675 1143 et
698 1069 733 1141 in
758 1069 859 1165 duplo
884 1091 943 1163 per
967 1068 1191 1162 appretiatum.
1223 1071 1314 1164 quod
1337 1072 1555 1165 suprascripta
1578 1083 1687 1148 nostro

266 1199 452 1273 bunditione
475 1199 562 1294 apud
585 1217 645 1268 vos
668 1193 918 1266 remelioratam.
941 1192 1098 1285 paruerit.
1129 1193 1212 1262 Nam
1235 1192 1263 1263 si
1287 1213 1346 1264 nos
1370 1193 1428 1287 qni
1450 1215 1547 1288 supra
1570 1197 1688 1270 bandi.

265 1322 330 1396 tori
353 1323 406 1392 rol
429 1318 547 1390 nostris
570 1315 745 1401 herodibus
768 1315 853 1388 bano
875 1313 1060 1386 banditione
1083 1335 1142 1408 per
1166 1316 1405 1414 qualecumque
1422 1317 1591 1412 ingenium
1614 1322 1688 1392 dir-

262 1471 414 1543 rumpere
438 1454 495 1518 aut
517 1451 684 1518 retorsere
706 1443 931 1541 quesierimus.
961 1451 1040 1516 tnno
1063 1451 1097 1514 ot
1122 1441 1337 1537 suprascripta
1361 1446 1459 1538 dupla
1484 1447 1577 1518 vobis
1592 1471 1686 1521 oom-

262 1596 422 1673 ponamus
445 1580 478 1646 et
501 1573 615 1648 eadem
638 1571 823 1646 banditione
845 1571 972 1666 integra
985 1571 1021 1644 in
1034 1569 1182 1665 potestati
1205 1579 1311 1644 restro
1329 1571 1535 1646 admittamus
1551 1577 1591 1646 ad
1606 1597 1690 1650 sem·

263 1725 323 1799 per
346 1701 512 1776 matam.
536 1711 570 1774 et
593 1697 699 1774 taliter
722 1719 782 1771 nos
805 1697 865 1796 qni
890 1718 988 1792 supra
1011 1695 1186 1772 benditori.
1212 1706 1245 1769 te
1268 1706 1379 1792 petrns
1401 1696 1538 1770 clericus
1562 1710 1596 1771 et
1619 1724 1686 1774 no-

265 1828 370 1902 tarius
389 1826 530 1910 seribere
552 1827 741 1920 rogavimus
764 1832 875 1902 aetum
897 1821 1016 1918 ligurio
1040 1822 1191 1920 inplebo
1215 1824 1316 1899 sancti
1339 1823 1498 1930 donati†

361 1958 393 2046 †
416 1976 479 2048 ego
505 1951 663 2024 martinus
684 1949 853 2047 presbyter
876 1961 909 2026 et
932 1950 1089 2048 plebanus

276 2145 281 2156 .
361 2079 393 2177 †
420 2101 483 2175 ego
510 2078 667 2154 iohannes
689 2077 857 2175 presbyter

361 2204 393 2302 †
415 2229 477 2302 ego
499 2215 611 2310 petrus
634 2207 801 2319 presbyter
