<?xml version="1.0" encoding="UTF-8"?>
<!DOCTYPE html PUBLIC "-//W3C//DTD XHTML 1.0 Transitional//EN"
    "http://www.w3.org/TR/xhtml1/DTD/xhtml1-transitional.dtd">
<html xmlns="http://www.w3.org/1999/xhtml" xml:lang="en" lang="en">
 <head>
  <title>
</title>
<meta http-equiv="Content-Type" content="text/html;charset=utf-8" />
  <meta name='ocr-system' content='tesseract 3.04.00' />
  <meta name='ocr-capabilities' content='ocr_page ocr_carea ocr_par ocr_line ocrx_word'/>
</head>
<body>
  <div class='ocr_page' id='page_1' title='image "./monumentaeditaa02napogoog_0289.png"; bbox 0 0 4900 6528; ppageno 0'>
   <div class='ocr_carea' id='block_1_1' title="bbox 1377 989 1545 1063">
    <p class='ocr_par' dir='ltr' id='par_1_1' title="bbox 1377 989 1545 1063">
     <span class='ocr_line' id='line_1_1' title="bbox 1377 989 1545 1063; baseline -0.018 0"><span class='ocrx_word' id='word_1_1' title='bbox 1377 989 1545 1063; x_wconf 67' lang='lat' dir='ltr'><strong>ctxvtu,</strong></span> 
     </span>
    </p>
   </div>
   <div class='ocr_carea' id='block_1_2' title="bbox 448 1233 2289 5141">
    <p class='ocr_par' dir='ltr' id='par_1_2' title="bbox 448 1233 2198 1846">
     <span class='ocr_line' id='line_1_2' title="bbox 619 1233 2198 1346; baseline -0.006 -25"><span class='ocrx_word' id='word_1_2' title='bbox 619 1259 676 1308; x_wconf 73' lang='lat'><strong>⁸¹¹·</strong></span> <span class='ocrx_word' id='word_1_3' title='bbox 845 1241 938 1346; x_wconf 84' lang='lat' dir='ltr'><strong>†ln</strong></span> <span class='ocrx_word' id='word_1_4' title='bbox 960 1245 1092 1320; x_wconf 88' lang='lat' dir='ltr'><strong>nomine</strong></span> <span class='ocrx_word' id='word_1_5' title='bbox 1115 1244 1240 1319; x_wconf 89' lang='lat' dir='ltr'><strong>domini</strong></span> <span class='ocrx_word' id='word_1_6' title='bbox 1264 1243 1316 1316; x_wconf 88' lang='lat' dir='ltr'><strong>dei</strong></span> <span class='ocrx_word' id='word_1_7' title='bbox 1338 1241 1506 1312; x_wconf 75' lang='lat' dir='ltr'><strong>salvatoris</strong></span> <span class='ocrx_word' id='word_1_8' title='bbox 1530 1239 1632 1310; x_wconf 72' lang='lat' dir='ltr'><strong>nosti</strong></span> <span class='ocrx_word' id='word_1_9' title='bbox 1655 1237 1752 1308; x_wconf 84' lang='lat' dir='ltr'><strong>llaesu</strong></span> <span class='ocrx_word' id='word_1_10' title='bbox 1775 1233 1895 1307; x_wconf 79' lang='lat' dir='ltr'>Christi</span> <span class='ocrx_word' id='word_1_11' title='bbox 1917 1236 2094 1332; x_wconf 86' lang='lat' dir='ltr'><strong>lmperante</strong></span> <span class='ocrx_word' id='word_1_12' title='bbox 2118 1234 2198 1324; x_wconf 72' lang='lat' dir='ltr'><strong>alo·¹</strong></span> 
     </span>
     <span class='ocr_line' id='line_1_3' title="bbox 448 1361 2173 1461; baseline -0.012 -9"><span class='ocrx_word' id='word_1_13' title='bbox 448 1451 454 1460; x_wconf 85' lang='grc'><strong>,</strong></span> <span class='ocrx_word' id='word_1_14' title='bbox 606 1371 694 1434; x_wconf 78' lang='lat'><strong>97⁷·</strong></span> <span class='ocrx_word' id='word_1_15' title='bbox 749 1377 839 1452; x_wconf 90' lang='lat' dir='ltr'><strong>mino</strong></span> <span class='ocrx_word' id='word_1_16' title='bbox 863 1385 975 1449; x_wconf 74' lang='lat' dir='ltr'><strong>noetro</strong></span> <span class='ocrx_word' id='word_1_17' title='bbox 998 1373 1113 1446; x_wconf 88' lang='lat' dir='ltr'><strong>basilio</strong></span> <span class='ocrx_word' id='word_1_18' title='bbox 1145 1389 1265 1461; x_wconf 79' lang='lat' dir='ltr'><strong>magno</strong></span> <span class='ocrx_word' id='word_1_19' title='bbox 1292 1366 1490 1458; x_wconf 74' lang='lat' dir='ltr'><strong>Imperatore</strong></span> <span class='ocrx_word' id='word_1_20' title='bbox 1523 1385 1609 1435; x_wconf 90' lang='lat' dir='ltr'><strong>anno</strong></span> <span class='ocrx_word' id='word_1_21' title='bbox 1639 1361 1754 1433; x_wconf 82' lang='lat' dir='ltr'><strong>octebo</strong></span> <span class='ocrx_word' id='word_1_22' title='bbox 1784 1361 1920 1433; x_wconf 89' lang='lat' dir='ltr'><strong>decimo.</strong></span> <span class='ocrx_word' id='word_1_23' title='bbox 1952 1363 2008 1435; x_wconf 89' lang='lat' dir='ltr'><strong>sed</strong></span> <span class='ocrx_word' id='word_1_24' title='bbox 2031 1374 2065 1433; x_wconf 88' lang='lat' dir='ltr'><strong>et</strong></span> <span class='ocrx_word' id='word_1_25' title='bbox 2087 1386 2173 1437; x_wconf 78' lang='lat' dir='ltr'><strong>eon-</strong></span> 
     </span>
     <span class='ocr_line' id='line_1_4' title="bbox 749 1490 2176 1595; baseline -0.009 -14"><span class='ocrx_word' id='word_1_26' title='bbox 749 1507 889 1581; x_wconf 84' lang='lat' dir='ltr'><strong>stantino</strong></span> <span class='ocrx_word' id='word_1_27' title='bbox 913 1525 1031 1595; x_wconf 82' lang='lat' dir='ltr'><strong>magno</strong></span> <span class='ocrx_word' id='word_1_28' title='bbox 1054 1501 1250 1588; x_wconf 81' lang='lat' dir='ltr'>Imperatore</span> <span class='ocrx_word' id='word_1_29' title='bbox 1273 1493 1372 1564; x_wconf 86' lang='lat' dir='ltr'><strong>frater</strong></span> <span class='ocrx_word' id='word_1_30' title='bbox 1394 1491 1463 1563; x_wconf 89' lang='lat' dir='ltr'><strong>eius</strong></span> <span class='ocrx_word' id='word_1_31' title='bbox 1488 1515 1573 1564; x_wconf 88' lang='lat' dir='ltr'><strong>auno</strong></span> <span class='ocrx_word' id='word_1_32' title='bbox 1595 1491 1850 1588; x_wconf 87' lang='lat' dir='ltr'><strong>quintodecimo.</strong></span> <span class='ocrx_word' id='word_1_33' title='bbox 1870 1490 1932 1562; x_wconf 89' lang='lat' dir='ltr'><strong>Die</strong></span> <span class='ocrx_word' id='word_1_34' title='bbox 1949 1515 2035 1565; x_wconf 85' lang='lat' dir='ltr'><strong>none</strong></span> <span class='ocrx_word' id='word_1_35' title='bbox 2058 1497 2176 1568; x_wconf 84' lang='lat' dir='ltr'><strong>mensis</strong></span> 
     </span>
     <span class='ocr_line' id='line_1_5' title="bbox 750 1619 2180 1718; baseline -0.01 -10"><span class='ocrx_word' id='word_1_36' title='bbox 750 1630 932 1708; x_wconf 88' lang='lat' dir='ltr'><strong>nobembrii</strong></span> <span class='ocrx_word' id='word_1_37' title='bbox 955 1623 1131 1696; x_wconf 74' lang='lat' dir='ltr'><strong>indictione</strong></span> <span class='ocrx_word' id='word_1_38' title='bbox 1154 1628 1244 1693; x_wconf 85' lang='lat' dir='ltr'><strong>sexta</strong></span> <span class='ocrx_word' id='word_1_39' title='bbox 1268 1619 1413 1716; x_wconf 79' lang='lat' dir='ltr'><strong>neapoli:</strong></span> <span class='ocrx_word' id='word_1_40' title='bbox 1439 1619 1574 1694; x_wconf 85' lang='lat' dir='ltr'><strong>Certum</strong></span> <span class='ocrx_word' id='word_1_41' title='bbox 1596 1628 1647 1693; x_wconf 81' lang='lat' dir='ltr'><strong>eet</strong></span> <span class='ocrx_word' id='word_1_42' title='bbox 1670 1643 1724 1694; x_wconf 90' lang='lat' dir='ltr'><strong>me</strong></span> <span class='ocrx_word' id='word_1_43' title='bbox 1748 1619 1923 1693; x_wconf 89' lang='lat' dir='ltr'><strong>iohannem</strong></span> <span class='ocrx_word' id='word_1_44' title='bbox 1946 1620 2052 1694; x_wconf 89' lang='lat' dir='ltr'><strong>lilium</strong></span> <span class='ocrx_word' id='word_1_45' title='bbox 2066 1645 2180 1718; x_wconf 91' lang='lat' dir='ltr'><strong>quou-</strong></span> 
     </span>
     <span class='ocr_line' id='line_1_6' title="bbox 752 1748 2177 1846; baseline -0.005 -15"><span class='ocrx_word' id='word_1_46' title='bbox 752 1761 826 1832; x_wconf 87' lang='lat' dir='ltr'><strong>dam</strong></span> <span class='ocrx_word' id='word_1_47' title='bbox 849 1751 972 1826; x_wconf 90' lang='lat' dir='ltr'><strong>domini</strong></span> <span class='ocrx_word' id='word_1_48' title='bbox 994 1750 1078 1846; x_wconf 90' lang='lat' dir='ltr'><strong>petri</strong></span> <span class='ocrx_word' id='word_1_49' title='bbox 1102 1748 1160 1845; x_wconf 93' lang='lat' dir='ltr'><strong>qui</strong></span> <span class='ocrx_word' id='word_1_50' title='bbox 1188 1771 1405 1843; x_wconf 89' lang='lat' dir='ltr'><strong>supranomen</strong></span> <span class='ocrx_word' id='word_1_51' title='bbox 1428 1749 1555 1844; x_wconf 89' lang='lat' dir='ltr'><strong>pictuli.</strong></span> <span class='ocrx_word' id='word_1_52' title='bbox 1581 1773 1646 1822; x_wconf 89' lang='lat' dir='ltr'><strong>una</strong></span> <span class='ocrx_word' id='word_1_53' title='bbox 1679 1771 1756 1821; x_wconf 88' lang='lat' dir='ltr'><strong>cum</strong></span> <span class='ocrx_word' id='word_1_54' title='bbox 1783 1748 1962 1822; x_wconf 79' lang='lat' dir='ltr'><strong>volumtate</strong></span> <span class='ocrx_word' id='word_1_55' title='bbox 1996 1761 2177 1846; x_wconf 73' lang='lat' dir='ltr'><strong>presentem</strong></span> 
     </span>
    </p>

    <p class='ocr_par' dir='ltr' id='par_1_3' title="bbox 627 1871 2190 3496">
     <span class='ocr_line' id='line_1_7' title="bbox 627 1871 2177 1967; baseline -0.003 -13"><span class='ocrx_word' id='word_1_56' title='bbox 627 1907 632 1918; x_wconf 89' lang='lat'><em>·</em></span> <span class='ocrx_word' id='word_1_57' title='bbox 752 1884 852 1954; x_wconf 89' lang='lat' dir='ltr'><strong>drosu</strong></span> <span class='ocrx_word' id='word_1_58' title='bbox 874 1877 1009 1948; x_wconf 84' lang='lat' dir='ltr'><strong>honeste</strong></span> <span class='ocrx_word' id='word_1_59' title='bbox 1031 1873 1151 1946; x_wconf 80' lang='lat' dir='ltr'><strong>femine</strong></span> <span class='ocrx_word' id='word_1_60' title='bbox 1175 1871 1309 1964; x_wconf 77' lang='lat' dir='ltr'><strong>coniugi</strong></span> <span class='ocrx_word' id='word_1_61' title='bbox 1332 1893 1447 1943; x_wconf 87' lang='lat' dir='ltr'><strong>meae:</strong></span> <span class='ocrx_word' id='word_1_62' title='bbox 1473 1871 1505 1941; x_wconf 83' lang='lat' dir='ltr'>A</span> <span class='ocrx_word' id='word_1_63' title='bbox 1527 1873 1669 1964; x_wconf 83' lang='lat' dir='ltr'><strong>presenti</strong></span> <span class='ocrx_word' id='word_1_64' title='bbox 1692 1871 1745 1944; x_wconf 89' lang='lat' dir='ltr'><strong>dic</strong></span> <span class='ocrx_word' id='word_1_65' title='bbox 1759 1872 1977 1967; x_wconf 86' lang='lat' dir='ltr'><strong>promtissima</strong></span> <span class='ocrx_word' id='word_1_66' title='bbox 1999 1873 2177 1949; x_wconf 79' lang='lat' dir='ltr'><strong>volumtate</strong></span> 
     </span>
     <span class='ocr_line' id='line_1_8' title="bbox 751 1997 2182 2106; baseline -0.006 -26"><span class='ocrx_word' id='word_1_67' title='bbox 751 2033 813 2106; x_wconf 90' lang='lat' dir='ltr'><strong>pro</strong></span> <span class='ocrx_word' id='word_1_68' title='bbox 836 2005 958 2078; x_wconf 91' lang='lat' dir='ltr'><strong>domini</strong></span> <span class='ocrx_word' id='word_1_69' title='bbox 982 2024 1160 2074; x_wconf 89' lang='lat' dir='ltr'><strong>ammorem</strong></span> <span class='ocrx_word' id='word_1_70' title='bbox 1185 2008 1218 2070; x_wconf 92' lang='lat' dir='ltr'><strong>et</strong></span> <span class='ocrx_word' id='word_1_71' title='bbox 1241 1997 1449 2071; x_wconf 84' lang='lat' dir='ltr'><strong>redemtionis</strong></span> <span class='ocrx_word' id='word_1_72' title='bbox 1474 1997 1582 2072; x_wconf 86' lang='lat' dir='ltr'><strong>anime</strong></span> <span class='ocrx_word' id='word_1_73' title='bbox 1611 2023 1703 2072; x_wconf 89' lang='lat' dir='ltr'><strong>meaa</strong></span> <span class='ocrx_word' id='word_1_74' title='bbox 1731 2009 1770 2072; x_wconf 89' lang='lat' dir='ltr'><strong>ut</strong></span> <span class='ocrx_word' id='word_1_75' title='bbox 1795 2011 1875 2096; x_wconf 88' lang='lat' dir='ltr'><strong>aput</strong></span> <span class='ocrx_word' id='word_1_76' title='bbox 1897 2000 1995 2074; x_wconf 90' lang='lat' dir='ltr'><strong>deum</strong></span> <span class='ocrx_word' id='word_1_77' title='bbox 2027 2001 2182 2098; x_wconf 81' lang='lat' dir='ltr'><strong>ommipo-</strong></span> 
     </span>
     <span class='ocr_line' id='line_1_9' title="bbox 752 2124 2182 2210; baseline -0.006 0"><span class='ocrx_word' id='word_1_78' title='bbox 752 2143 874 2210; x_wconf 89' lang='lat' dir='ltr'><strong>tentem</strong></span> <span class='ocrx_word' id='word_1_79' title='bbox 897 2133 1052 2206; x_wconf 91' lang='lat' dir='ltr'><strong>meritum</strong></span> <span class='ocrx_word' id='word_1_80' title='bbox 1082 2131 1206 2202; x_wconf 92' lang='lat' dir='ltr'><strong>bonum</strong></span> <span class='ocrx_word' id='word_1_81' title='bbox 1239 2127 1398 2201; x_wconf 88' lang='lat' dir='ltr'><strong>imbenire</strong></span> <span class='ocrx_word' id='word_1_82' title='bbox 1431 2125 1571 2200; x_wconf 89' lang='lat' dir='ltr'><strong>baleam.</strong></span> <span class='ocrx_word' id='word_1_83' title='bbox 1603 2129 1715 2202; x_wconf 80' lang='lat' dir='ltr'><strong>onero</strong></span> <span class='ocrx_word' id='word_1_84' title='bbox 1738 2138 1771 2201; x_wconf 90' lang='lat' dir='ltr'><strong>et</strong></span> <span class='ocrx_word' id='word_1_85' title='bbox 1794 2129 1887 2202; x_wconf 87' lang='lat' dir='ltr'><strong>trado</strong></span> <span class='ocrx_word' id='word_1_86' title='bbox 1924 2124 2018 2204; x_wconf 86' lang='lat' dir='ltr'><strong>vobis</strong></span> <span class='ocrx_word' id='word_1_87' title='bbox 2050 2131 2182 2206; x_wconf 83' lang='lat' dir='ltr'><strong>domino</strong></span> 
     </span>
     <span class='ocr_line' id='line_1_10' title="bbox 755 2253 2184 2354; baseline -0.003 -20"><span class='ocrx_word' id='word_1_88' title='bbox 755 2262 889 2336; x_wconf 90' lang='lat' dir='ltr'><strong>iohanni</strong></span> <span class='ocrx_word' id='word_1_89' title='bbox 912 2257 1088 2332; x_wconf 81' lang='lat' dir='ltr'><strong>venerabili</strong></span> <span class='ocrx_word' id='word_1_90' title='bbox 1112 2276 1278 2352; x_wconf 83' lang='lat' dir='ltr'><strong>ygumcno</strong></span> <span class='ocrx_word' id='word_1_91' title='bbox 1301 2253 1490 2328; x_wconf 80' lang='lat' dir='ltr'><strong>monasterii</strong></span> <span class='ocrx_word' id='word_1_92' title='bbox 1513 2263 1700 2329; x_wconf 87' lang='lat' dir='ltr'><strong>sanctorum</strong></span> <span class='ocrx_word' id='word_1_93' title='bbox 1721 2257 1819 2352; x_wconf 84' lang='lat' dir='ltr'><strong>sergii</strong></span> <span class='ocrx_word' id='word_1_94' title='bbox 1841 2265 1875 2329; x_wconf 89' lang='lat' dir='ltr'><strong>et</strong></span> <span class='ocrx_word' id='word_1_95' title='bbox 1896 2256 2007 2329; x_wconf 86' lang='lat' dir='ltr'><strong>baschi</strong></span> <span class='ocrx_word' id='word_1_96' title='bbox 2024 2258 2083 2354; x_wconf 92' lang='lat' dir='ltr'><strong>qui</strong></span> <span class='ocrx_word' id='word_1_97' title='bbox 2096 2279 2184 2330; x_wconf 85' lang='lat' dir='ltr'><strong>nunc</strong></span> 
     </span>
     <span class='ocr_line' id='line_1_11' title="bbox 754 2385 2186 2487; baseline -0.006 -23"><span class='ocrx_word' id='word_1_98' title='bbox 754 2397 968 2487; x_wconf 80' lang='lat' dir='ltr'><strong>congregatus</strong></span> <span class='ocrx_word' id='word_1_99' title='bbox 998 2409 1033 2460; x_wconf 87' lang='lat' dir='ltr'><strong>es</strong></span> <span class='ocrx_word' id='word_1_100' title='bbox 1064 2387 1099 2458; x_wconf 92' lang='lat' dir='ltr'><strong>in</strong></span> <span class='ocrx_word' id='word_1_101' title='bbox 1126 2385 1323 2456; x_wconf 83' lang='lat' dir='ltr'><strong>monasterio</strong></span> <span class='ocrx_word' id='word_1_102' title='bbox 1359 2394 1544 2460; x_wconf 88' lang='lat' dir='ltr'><strong>sanctorum</strong></span> <span class='ocrx_word' id='word_1_103' title='bbox 1574 2385 1724 2458; x_wconf 86' lang='lat' dir='ltr'><strong>theodori</strong></span> <span class='ocrx_word' id='word_1_104' title='bbox 1756 2394 1788 2458; x_wconf 92' lang='lat' dir='ltr'><strong>et</strong></span> <span class='ocrx_word' id='word_1_105' title='bbox 1818 2385 1989 2458; x_wconf 79' lang='lat' dir='ltr'><strong>sebastiani</strong></span> <span class='ocrx_word' id='word_1_106' title='bbox 2025 2387 2086 2482; x_wconf 90' lang='lat' dir='ltr'><strong>qui</strong></span> <span class='ocrx_word' id='word_1_107' title='bbox 2120 2409 2186 2482; x_wconf 87' lang='lat' dir='ltr'><strong>ap-</strong></span> 
     </span>
     <span class='ocr_line' id='line_1_12' title="bbox 751 2509 2190 2614; baseline -0.005 -27"><span class='ocrx_word' id='word_1_108' title='bbox 751 2517 889 2614; x_wconf 88' lang='lat' dir='ltr'><strong>pellatur</strong></span> <span class='ocrx_word' id='word_1_109' title='bbox 911 2514 1066 2608; x_wconf 82' lang='lat' dir='ltr'><strong>cesapiota</strong></span> <span class='ocrx_word' id='word_1_110' title='bbox 1090 2511 1189 2584; x_wconf 90' lang='lat' dir='ltr'><strong>situm</strong></span> <span class='ocrx_word' id='word_1_111' title='bbox 1211 2509 1246 2582; x_wconf 89' lang='lat' dir='ltr'><strong>in</strong></span> <span class='ocrx_word' id='word_1_112' title='bbox 1269 2510 1437 2584; x_wconf 90' lang='lat' dir='ltr'><strong>viridiario</strong></span> <span class='ocrx_word' id='word_1_113' title='bbox 1468 2519 1502 2582; x_wconf 89' lang='lat' dir='ltr'><strong>et</strong></span> <span class='ocrx_word' id='word_1_114' title='bbox 1523 2532 1582 2603; x_wconf 92' lang='lat' dir='ltr'><strong>per</strong></span> <span class='ocrx_word' id='word_1_115' title='bbox 1605 2530 1664 2582; x_wconf 81' lang='lat' dir='ltr'><strong>vos</strong></span> <span class='ocrx_word' id='word_1_116' title='bbox 1687 2509 1723 2579; x_wconf 89' lang='lat' dir='ltr'><strong>in</strong></span> <span class='ocrx_word' id='word_1_117' title='bbox 1746 2509 1861 2582; x_wconf 86' lang='lat' dir='ltr'><strong>eodem</strong></span> <span class='ocrx_word' id='word_1_118' title='bbox 1885 2519 1995 2581; x_wconf 87' lang='lat' dir='ltr'><strong>sancto</strong></span> <span class='ocrx_word' id='word_1_119' title='bbox 2018 2519 2053 2581; x_wconf 90' lang='lat' dir='ltr'><strong>et</strong></span> <span class='ocrx_word' id='word_1_120' title='bbox 2076 2534 2190 2581; x_wconf 85' lang='lat' dir='ltr'><strong>vene-</strong></span> 
     </span>
     <span class='ocr_line' id='line_1_13' title="bbox 752 2631 2187 2730; baseline -0.006 -14"><span class='ocrx_word' id='word_1_121' title='bbox 752 2641 846 2716; x_wconf 85' lang='lat' dir='ltr'><strong>rabili</strong></span> <span class='ocrx_word' id='word_1_122' title='bbox 875 2647 984 2712; x_wconf 88' lang='lat' dir='ltr'><strong>vcstro</strong></span> <span class='ocrx_word' id='word_1_123' title='bbox 1015 2636 1225 2709; x_wconf 80' lang='lat' dir='ltr'><strong>monasterio.</strong></span> <span class='ocrx_word' id='word_1_124' title='bbox 1259 2636 1354 2709; x_wconf 88' lang='lat' dir='ltr'><strong>lDest</strong></span> <span class='ocrx_word' id='word_1_125' title='bbox 1380 2635 1506 2730; x_wconf 79' lang='lat' dir='ltr'><strong>integra</strong></span> <span class='ocrx_word' id='word_1_126' title='bbox 1535 2634 1720 2730; x_wconf 87' lang='lat' dir='ltr'><strong>portionem</strong></span> <span class='ocrx_word' id='word_1_127' title='bbox 1742 2643 1777 2706; x_wconf 91' lang='lat' dir='ltr'><strong>et</strong></span> <span class='ocrx_word' id='word_1_128' title='bbox 1798 2636 2005 2729; x_wconf 85' lang='lat' dir='ltr'><strong>pertinentias</strong></span> <span class='ocrx_word' id='word_1_129' title='bbox 2032 2657 2122 2708; x_wconf 82' lang='lat' dir='ltr'><strong>meas</strong></span> <span class='ocrx_word' id='word_1_130' title='bbox 2147 2631 2187 2708; x_wconf 88' lang='lat' dir='ltr'><strong>de</strong></span> 
     </span>
     <span class='ocr_line' id='line_1_14' title="bbox 752 2758 2186 2856; baseline -0.006 -13"><span class='ocrx_word' id='word_1_131' title='bbox 752 2771 905 2844; x_wconf 78' lang='lat' dir='ltr'><strong>fundoras</strong></span> <span class='ocrx_word' id='word_1_132' title='bbox 927 2765 1050 2838; x_wconf 89' lang='lat' dir='ltr'><strong>sende</strong></span> <span class='ocrx_word' id='word_1_133' title='bbox 1074 2763 1168 2834; x_wconf 87' lang='lat' dir='ltr'><strong>terris</strong></span> <span class='ocrx_word' id='word_1_134' title='bbox 1192 2762 1288 2834; x_wconf 89' lang='lat' dir='ltr'><strong>etde</strong></span> <span class='ocrx_word' id='word_1_135' title='bbox 1312 2761 1401 2834; x_wconf 89' lang='lat' dir='ltr'><strong>silvis</strong></span> <span class='ocrx_word' id='word_1_136' title='bbox 1425 2761 1557 2833; x_wconf 87' lang='lat' dir='ltr'><strong>insimul</strong></span> <span class='ocrx_word' id='word_1_137' title='bbox 1580 2759 1694 2854; x_wconf 85' lang='lat' dir='ltr'><strong>positis</strong></span> <span class='ocrx_word' id='word_1_138' title='bbox 1718 2759 1753 2830; x_wconf 91' lang='lat' dir='ltr'><strong>in</strong></span> <span class='ocrx_word' id='word_1_139' title='bbox 1775 2758 1849 2836; x_wconf 88' lang='lat' dir='ltr'><strong>loco</strong></span> <span class='ocrx_word' id='word_1_140' title='bbox 1873 2762 1931 2856; x_wconf 88' lang='lat' dir='ltr'><strong>qui</strong></span> <span class='ocrx_word' id='word_1_141' title='bbox 1953 2769 2090 2834; x_wconf 86' lang='lat' dir='ltr'><strong>vocatur</strong></span> <span class='ocrx_word' id='word_1_142' title='bbox 2114 2761 2186 2834; x_wconf 88' lang='lat' dir='ltr'><strong>ari-</strong></span> 
     </span>
     <span class='ocr_line' id='line_1_15' title="bbox 754 2883 2181 2965; baseline -0.004 0"><span class='ocrx_word' id='word_1_143' title='bbox 754 2892 889 2965; x_wconf 88' lang='lat' dir='ltr'><strong>nianum</strong></span> <span class='ocrx_word' id='word_1_144' title='bbox 911 2911 1077 2962; x_wconf 88' lang='lat' dir='ltr'><strong>unacum</strong></span> <span class='ocrx_word' id='word_1_145' title='bbox 1101 2885 1271 2960; x_wconf 88' lang='lat' dir='ltr'><strong>arvoribus</strong></span> <span class='ocrx_word' id='word_1_146' title='bbox 1293 2885 1467 2959; x_wconf 78' lang='lat' dir='ltr'><strong>fructiferis</strong></span> <span class='ocrx_word' id='word_1_147' title='bbox 1490 2883 1542 2957; x_wconf 92' lang='lat' dir='ltr'><strong>vel</strong></span> <span class='ocrx_word' id='word_1_148' title='bbox 1565 2885 1775 2957; x_wconf 80' lang='lat' dir='ltr'><strong>infructiferis</strong></span> <span class='ocrx_word' id='word_1_149' title='bbox 1806 2885 1904 2957; x_wconf 88' lang='lat' dir='ltr'><strong>simul</strong></span> <span class='ocrx_word' id='word_1_150' title='bbox 1936 2909 2014 2957; x_wconf 90' lang='lat' dir='ltr'><strong>cum</strong></span> <span class='ocrx_word' id='word_1_151' title='bbox 2034 2885 2181 2960; x_wconf 82' lang='lat' dir='ltr'><strong>introitas</strong></span> 
     </span>
     <span class='ocr_line' id='line_1_16' title="bbox 754 3009 2180 3110; baseline -0.001 -23"><span class='ocrx_word' id='word_1_152' title='bbox 754 3037 829 3088; x_wconf 83' lang='lat' dir='ltr'><strong>suas</strong></span> <span class='ocrx_word' id='word_1_153' title='bbox 861 3013 1077 3110; x_wconf 90' lang='lat' dir='ltr'><strong>omnibusque</strong></span> <span class='ocrx_word' id='word_1_154' title='bbox 1100 3013 1146 3084; x_wconf 92' lang='lat' dir='ltr'><strong>eis</strong></span> <span class='ocrx_word' id='word_1_155' title='bbox 1170 3010 1362 3106; x_wconf 81' lang='lat' dir='ltr'><strong>generaliter</strong></span> <span class='ocrx_word' id='word_1_156' title='bbox 1392 3009 1637 3105; x_wconf 74' lang='lat' dir='ltr'><strong>perfluentibus.</strong></span> <span class='ocrx_word' id='word_1_157' title='bbox 1660 3011 1711 3082; x_wconf 89' lang='lat' dir='ltr'><strong>De</strong></span> <span class='ocrx_word' id='word_1_158' title='bbox 1743 3033 1809 3107; x_wconf 81' lang='lat' dir='ltr'><strong>qun</strong></span> <span class='ocrx_word' id='word_1_159' title='bbox 1842 3011 1926 3083; x_wconf 86' lang='lat' dir='ltr'><strong>nihil</strong></span> <span class='ocrx_word' id='word_1_160' title='bbox 1953 3011 2036 3083; x_wconf 89' lang='lat' dir='ltr'><strong>mibi</strong></span> <span class='ocrx_word' id='word_1_161' title='bbox 2064 3013 2180 3086; x_wconf 80' lang='lat' dir='ltr'><strong>exinde</strong></span> 
     </span>
     <span class='ocr_line' id='line_1_17' title="bbox 756 3139 2182 3242; baseline -0.002 -23"><span class='ocrx_word' id='word_1_162' title='bbox 756 3144 889 3242; x_wconf 86' lang='lat' dir='ltr'><strong>aliquod</strong></span> <span class='ocrx_word' id='word_1_163' title='bbox 913 3143 1067 3216; x_wconf 88' lang='lat' dir='ltr'><strong>remansit</strong></span> <span class='ocrx_word' id='word_1_164' title='bbox 1089 3152 1146 3213; x_wconf 86' lang='lat' dir='ltr'><strong>aut</strong></span> <span class='ocrx_word' id='word_1_165' title='bbox 1169 3142 1332 3214; x_wconf 78' lang='lat' dir='ltr'><strong>reservavi</strong></span> <span class='ocrx_word' id='word_1_166' title='bbox 1347 3163 1408 3213; x_wconf 88' lang='lat' dir='ltr'><strong>nec</strong></span> <span class='ocrx_word' id='word_1_167' title='bbox 1421 3140 1457 3212; x_wconf 93' lang='lat' dir='ltr'><strong>in</strong></span> <span class='ocrx_word' id='word_1_168' title='bbox 1471 3139 1609 3214; x_wconf 86' lang='lat' dir='ltr'><strong>alienam</strong></span> <span class='ocrx_word' id='word_1_169' title='bbox 1631 3163 1783 3236; x_wconf 88' lang='lat' dir='ltr'><strong>personas</strong></span> <span class='ocrx_word' id='word_1_170' title='bbox 1814 3142 1965 3215; x_wconf 88' lang='lat' dir='ltr'><strong>commisi</strong></span> <span class='ocrx_word' id='word_1_171' title='bbox 1989 3141 2042 3216; x_wconf 89' lang='lat' dir='ltr'><strong>vel</strong></span> <span class='ocrx_word' id='word_1_172' title='bbox 2064 3145 2182 3216; x_wconf 82' lang='lat' dir='ltr'><strong>amodo</strong></span> 
     </span>
     <span class='ocr_line' id='line_1_18' title="bbox 755 3252 2184 3367; baseline -0.003 -19"><span class='ocrx_word' id='word_1_173' title='bbox 755 3275 821 3348; x_wconf 90' lang='lat' dir='ltr'><strong>iam</strong></span> <span class='ocrx_word' id='word_1_174' title='bbox 844 3271 1016 3344; x_wconf 87' lang='lat' dir='ltr'><strong>commicto</strong></span> <span class='ocrx_word' id='word_1_175' title='bbox 1039 3277 1253 3366; x_wconf 74' lang='lat' dir='ltr'><strong>potestatemz</strong></span> <span class='ocrx_word' id='word_1_176' title='bbox 1279 3268 1421 3340; x_wconf 87' lang='lat' dir='ltr'><strong>ltautha</strong></span> <span class='ocrx_word' id='word_1_177' title='bbox 1434 3252 1522 3341; x_wconf 83' lang='lat' dir='ltr'><strong>nunc</strong></span> <span class='ocrx_word' id='word_1_178' title='bbox 1536 3277 1569 3340; x_wconf 88' lang='lat' dir='ltr'><strong>et</strong></span> <span class='ocrx_word' id='word_1_179' title='bbox 1585 3270 1735 3365; x_wconf 88' lang='lat' dir='ltr'><strong>deinceps</strong></span> <span class='ocrx_word' id='word_1_180' title='bbox 1758 3279 1937 3343; x_wconf 85' lang='lat' dir='ltr'><strong>memorata</strong></span> <span class='ocrx_word' id='word_1_181' title='bbox 1951 3271 2075 3365; x_wconf 82' lang='lat' dir='ltr'><strong>integra</strong></span> <span class='ocrx_word' id='word_1_182' title='bbox 2099 3295 2184 3367; x_wconf 90' lang='lat' dir='ltr'><strong>por-</strong></span> 
     </span>
     <span class='ocr_line' id='line_1_19' title="bbox 755 3397 2187 3496; baseline -0.001 -22"><span class='ocrx_word' id='word_1_183' title='bbox 755 3403 843 3474; x_wconf 89' lang='lat' dir='ltr'><strong>tione</strong></span> <span class='ocrx_word' id='word_1_184' title='bbox 866 3411 899 3474; x_wconf 88' lang='lat' dir='ltr'><strong>et</strong></span> <span class='ocrx_word' id='word_1_185' title='bbox 922 3401 1129 3496; x_wconf 85' lang='lat' dir='ltr'><strong>pertinentias</strong></span> <span class='ocrx_word' id='word_1_186' title='bbox 1151 3421 1240 3471; x_wconf 89' lang='lat' dir='ltr'><strong>meas</strong></span> <span class='ocrx_word' id='word_1_187' title='bbox 1264 3421 1307 3468; x_wconf 81' lang='lat' dir='ltr'><strong>ex</strong></span> <span class='ocrx_word' id='word_1_188' title='bbox 1329 3397 1400 3492; x_wconf 81' lang='lat' dir='ltr'><strong>ipsu</strong></span> <span class='ocrx_word' id='word_1_189' title='bbox 1421 3397 1575 3470; x_wconf 85' lang='lat' dir='ltr'><strong>fundoras</strong></span> <span class='ocrx_word' id='word_1_190' title='bbox 1599 3406 1633 3469; x_wconf 90' lang='lat' dir='ltr'><strong>et</strong></span> <span class='ocrx_word' id='word_1_191' title='bbox 1658 3399 1754 3471; x_wconf 84' lang='lat' dir='ltr'><strong>terris</strong></span> <span class='ocrx_word' id='word_1_192' title='bbox 1784 3421 1842 3471; x_wconf 89' lang='lat' dir='ltr'><strong>seu</strong></span> <span class='ocrx_word' id='word_1_193' title='bbox 1865 3401 1906 3472; x_wconf 89' lang='lat' dir='ltr'><strong>dc</strong></span> <span class='ocrx_word' id='word_1_194' title='bbox 1931 3401 2021 3472; x_wconf 88' lang='lat' dir='ltr'><strong>silvis</strong></span> <span class='ocrx_word' id='word_1_195' title='bbox 2051 3399 2187 3472; x_wconf 87' lang='lat' dir='ltr'><strong>insimul</strong></span> 
     </span>
    </p>

    <p class='ocr_par' dir='ltr' id='par_1_4' title="bbox 693 3511 2184 3875">
     <span class='ocr_line' id='line_1_20' title="bbox 693 3511 2184 3624; baseline -0.001 -24"><span class='ocrx_word' id='word_1_196' title='bbox 693 3511 697 3516; x_wconf 36' lang='lat'>⁵</span> <span class='ocrx_word' id='word_1_197' title='bbox 755 3528 868 3624; x_wconf 84' lang='lat' dir='ltr'><strong>ponitis</strong></span> <span class='ocrx_word' id='word_1_198' title='bbox 891 3527 1020 3622; x_wconf 88' lang='lat' dir='ltr'><strong>inipso</strong></span> <span class='ocrx_word' id='word_1_199' title='bbox 1044 3526 1117 3598; x_wconf 89' lang='lat' dir='ltr'><strong>loco</strong></span> <span class='ocrx_word' id='word_1_200' title='bbox 1141 3523 1324 3596; x_wconf 83' lang='lat' dir='ltr'><strong>minianum</strong></span> <span class='ocrx_word' id='word_1_201' title='bbox 1347 3545 1413 3594; x_wconf 85' lang='lat' dir='ltr'><strong>una</strong></span> <span class='ocrx_word' id='word_1_202' title='bbox 1435 3545 1512 3594; x_wconf 92' lang='lat' dir='ltr'><strong>cum</strong></span> <span class='ocrx_word' id='word_1_203' title='bbox 1527 3525 1696 3596; x_wconf 91' lang='lat' dir='ltr'><strong>arvoribus</strong></span> <span class='ocrx_word' id='word_1_204' title='bbox 1715 3527 1889 3599; x_wconf 88' lang='lat' dir='ltr'><strong>fructiferis</strong></span> <span class='ocrx_word' id='word_1_205' title='bbox 1904 3527 1958 3601; x_wconf 88' lang='lat' dir='ltr'><strong>vel</strong></span> <span class='ocrx_word' id='word_1_206' title='bbox 1972 3527 2184 3599; x_wconf 87' lang='lat' dir='ltr'><strong>infructiferis</strong></span> 
     </span>
     <span class='ocr_line' id='line_1_21' title="bbox 755 3633 2178 3745; baseline -0.002 -18"><span class='ocrx_word' id='word_1_207' title='bbox 755 3653 852 3727; x_wconf 85' lang='lat' dir='ltr'><strong>simul</strong></span> <span class='ocrx_word' id='word_1_208' title='bbox 884 3677 961 3726; x_wconf 89' lang='lat' dir='ltr'><strong>cnm</strong></span> <span class='ocrx_word' id='word_1_209' title='bbox 992 3651 1140 3724; x_wconf 88' lang='lat' dir='ltr'><strong>introitas</strong></span> <span class='ocrx_word' id='word_1_210' title='bbox 1170 3670 1245 3722; x_wconf 85' lang='lat' dir='ltr'><strong>anas</strong></span> <span class='ocrx_word' id='word_1_211' title='bbox 1276 3648 1502 3744; x_wconf 88' lang='lat' dir='ltr'><strong>omnibusque.</strong></span> <span class='ocrx_word' id='word_1_212' title='bbox 1525 3633 1843 3745; x_wconf 53' lang='lat' dir='ltr'><strong>eiflpertinentibua.</strong></span> <span class='ocrx_word' id='word_1_213' title='bbox 1868 3653 1955 3726; x_wconf 91' lang='lat' dir='ltr'><strong>unde</strong></span> <span class='ocrx_word' id='word_1_214' title='bbox 1986 3652 2069 3726; x_wconf 87' lang='lat' dir='ltr'><strong>nibil</strong></span> <span class='ocrx_word' id='word_1_215' title='bbox 2097 3651 2178 3724; x_wconf 76' lang='lat' dir='ltr'><strong>milri</strong></span> 
     </span>
     <span class='ocr_line' id='line_1_22' title="bbox 756 3771 2181 3875; baseline 0 -23"><span class='ocrx_word' id='word_1_216' title='bbox 756 3781 872 3855; x_wconf 81' lang='lat' dir='ltr'><strong>exinde</strong></span> <span class='ocrx_word' id='word_1_217' title='bbox 904 3777 1059 3855; x_wconf 87' lang='lat' dir='ltr'><strong>remansit</strong></span> <span class='ocrx_word' id='word_1_218' title='bbox 1081 3783 1139 3850; x_wconf 90' lang='lat' dir='ltr'><strong>aut</strong></span> <span class='ocrx_word' id='word_1_219' title='bbox 1169 3771 1332 3848; x_wconf 87' lang='lat' dir='ltr'><strong>reservavi</strong></span> <span class='ocrx_word' id='word_1_220' title='bbox 1360 3783 1409 3850; x_wconf 87' lang='lat' dir='ltr'><strong>set</strong></span> <span class='ocrx_word' id='word_1_221' title='bbox 1432 3775 1468 3846; x_wconf 89' lang='lat' dir='ltr'><strong>iu</strong></span> <span class='ocrx_word' id='word_1_222' title='bbox 1492 3774 1620 3870; x_wconf 79' lang='lat' dir='ltr'><strong>integro</strong></span> <span class='ocrx_word' id='word_1_223' title='bbox 1651 3778 1735 3850; x_wconf 89' lang='lat' dir='ltr'><strong>sicut</strong></span> <span class='ocrx_word' id='word_1_224' title='bbox 1761 3781 1910 3875; x_wconf 87' lang='lat' dir='ltr'><strong>superius</strong></span> <span class='ocrx_word' id='word_1_225' title='bbox 1938 3779 2059 3874; x_wconf 78' lang='lat' dir='ltr'><strong>legittu</strong></span> <span class='ocrx_word' id='word_1_226' title='bbox 2082 3805 2103 3850; x_wconf 87' lang='lat' dir='ltr'><strong>a</strong></span> <span class='ocrx_word' id='word_1_227' title='bbox 2125 3801 2181 3854; x_wconf 89' lang='lat' dir='ltr'><strong>me</strong></span> 
     </span>
    </p>

    <p class='ocr_par' dir='ltr' id='par_1_5' title="bbox 728 3905 2289 4005">
     <span class='ocr_line' id='line_1_23' title="bbox 728 3905 2289 4005; baseline 0.003 -29"><span class='ocrx_word' id='word_1_228' title='bbox 728 3971 730 3976; x_wconf 79' lang='grc'>,</span> <span class='ocrx_word' id='word_1_229' title='bbox 755 3910 849 3983; x_wconf 87' lang='lat' dir='ltr'><strong>vobis</strong></span> <span class='ocrx_word' id='word_1_230' title='bbox 871 3919 905 3982; x_wconf 88' lang='lat' dir='ltr'><strong>et</strong></span> <span class='ocrx_word' id='word_1_231' title='bbox 927 3931 987 4005; x_wconf 91' lang='lat' dir='ltr'><strong>per</strong></span> <span class='ocrx_word' id='word_1_232' title='bbox 1010 3929 1070 3980; x_wconf 90' lang='lat' dir='ltr'><strong>vos</strong></span> <span class='ocrx_word' id='word_1_233' title='bbox 1092 3908 1128 3980; x_wconf 91' lang='lat' dir='ltr'><strong>iu</strong></span> <span class='ocrx_word' id='word_1_234' title='bbox 1151 3905 1267 3978; x_wconf 86' lang='lat' dir='ltr'><strong>eodem</strong></span> <span class='ocrx_word' id='word_1_235' title='bbox 1291 3913 1401 3978; x_wconf 81' lang='lat' dir='ltr'><strong>saneto</strong></span> <span class='ocrx_word' id='word_1_236' title='bbox 1416 3914 1450 3976; x_wconf 91' lang='lat' dir='ltr'><strong>et</strong></span> <span class='ocrx_word' id='word_1_237' title='bbox 1463 3907 1639 3980; x_wconf 86' lang='lat' dir='ltr'><strong>venerabili</strong></span> <span class='ocrx_word' id='word_1_238' title='bbox 1654 3917 1762 3980; x_wconf 90' lang='lat' dir='ltr'><strong>vestro</strong></span> <span class='ocrx_word' id='word_1_239' title='bbox 1786 3909 1981 3981; x_wconf 86' lang='lat' dir='ltr'><strong>monasterio</strong></span> <span class='ocrx_word' id='word_1_240' title='bbox 2003 3909 2069 3979; x_wconf 88' lang='lat' dir='ltr'><strong>sint</strong></span> <span class='ocrx_word' id='word_1_241' title='bbox 2083 3907 2180 3980; x_wconf 88' lang='lat' dir='ltr'><strong>obla·</strong></span> <span class='ocrx_word' id='word_1_242' title='bbox 2277 3983 2289 3991; x_wconf 73' lang='grc'>,</span> 
     </span>
    </p>

    <p class='ocr_par' dir='ltr' id='par_1_6' title="bbox 756 4035 2192 5141">
     <span class='ocr_line' id='line_1_24' title="bbox 756 4035 2181 4132; baseline -0.001 -23"><span class='ocrx_word' id='word_1_243' title='bbox 756 4046 829 4109; x_wconf 91' lang='lat' dir='ltr'><strong>turn</strong></span> <span class='ocrx_word' id='word_1_244' title='bbox 845 4044 879 4106; x_wconf 90' lang='lat' dir='ltr'><strong>et</strong></span> <span class='ocrx_word' id='word_1_245' title='bbox 893 4037 1049 4109; x_wconf 88' lang='lat' dir='ltr'><strong>traditum</strong></span> <span class='ocrx_word' id='word_1_246' title='bbox 1063 4043 1101 4108; x_wconf 88' lang='lat' dir='ltr'><strong>at</strong></span> <span class='ocrx_word' id='word_1_247' title='bbox 1117 4037 1151 4109; x_wconf 92' lang='lat' dir='ltr'><strong>in</strong></span> <span class='ocrx_word' id='word_1_248' title='bbox 1165 4043 1272 4110; x_wconf 87' lang='lat' dir='ltr'><strong>vestra</strong></span> <span class='ocrx_word' id='word_1_249' title='bbox 1288 4035 1502 4131; x_wconf 83' lang='lat' dir='ltr'><strong>posterisque.</strong></span> <span class='ocrx_word' id='word_1_250' title='bbox 1527 4037 1642 4108; x_wconf 86' lang='lat' dir='ltr'><strong>vestris</strong></span> <span class='ocrx_word' id='word_1_251' title='bbox 1658 4038 1722 4108; x_wconf 91' lang='lat' dir='ltr'><strong>sint</strong></span> <span class='ocrx_word' id='word_1_252' title='bbox 1736 4044 1926 4132; x_wconf 85' lang='lat' dir='ltr'><strong>potestatem</strong></span> <span class='ocrx_word' id='word_1_253' title='bbox 1940 4037 1981 4108; x_wconf 91' lang='lat' dir='ltr'><strong>ad</strong></span> <span class='ocrx_word' id='word_1_254' title='bbox 1996 4035 2181 4111; x_wconf 88' lang='lat' dir='ltr'><strong>bavcndum</strong></span> 
     </span>
     <span class='ocr_line' id='line_1_25' title="bbox 758 4159 2182 4257; baseline 0 -23"><span class='ocrx_word' id='word_1_255' title='bbox 758 4161 805 4234; x_wconf 91' lang='lat' dir='ltr'><strong>ibi</strong></span> <span class='ocrx_word' id='word_1_256' title='bbox 828 4159 908 4232; x_wconf 90' lang='lat' dir='ltr'><strong>illud</strong></span> <span class='ocrx_word' id='word_1_257' title='bbox 931 4161 967 4232; x_wconf 89' lang='lat' dir='ltr'><strong>in</strong></span> <span class='ocrx_word' id='word_1_258' title='bbox 990 4159 1224 4253; x_wconf 88' lang='lat' dir='ltr'><strong>sempiternum</strong></span> <span class='ocrx_word' id='word_1_259' title='bbox 1247 4168 1281 4232; x_wconf 88' lang='lat' dir='ltr'><strong>et</strong></span> <span class='ocrx_word' id='word_1_260' title='bbox 1304 4181 1411 4257; x_wconf 89' lang='lat' dir='ltr'><strong>neque</strong></span> <span class='ocrx_word' id='word_1_261' title='bbox 1435 4185 1455 4231; x_wconf 88' lang='lat' dir='ltr'><strong>a</strong></span> <span class='ocrx_word' id='word_1_262' title='bbox 1477 4181 1531 4232; x_wconf 90' lang='lat' dir='ltr'><strong>me</strong></span> <span class='ocrx_word' id='word_1_263' title='bbox 1554 4170 1734 4232; x_wconf 88' lang='lat' dir='ltr'><strong>memorato</strong></span> <span class='ocrx_word' id='word_1_264' title='bbox 1757 4161 1897 4234; x_wconf 90' lang='lat' dir='ltr'><strong>iohanne</strong></span> <span class='ocrx_word' id='word_1_265' title='bbox 1913 4185 1990 4233; x_wconf 87' lang='lat' dir='ltr'><strong>cum</strong></span> <span class='ocrx_word' id='word_1_266' title='bbox 2005 4161 2182 4234; x_wconf 86' lang='lat' dir='ltr'><strong>volumtate</strong></span> 
     </span>
     <span class='ocr_line' id='line_1_26' title="bbox 757 4288 2185 4386; baseline -0.004 -20"><span class='ocrx_word' id='word_1_267' title='bbox 757 4301 936 4366; x_wconf 87' lang='lat' dir='ltr'><strong>memorate</strong></span> <span class='ocrx_word' id='word_1_268' title='bbox 951 4292 1052 4364; x_wconf 88' lang='lat' dir='ltr'><strong>droau</strong></span> <span class='ocrx_word' id='word_1_269' title='bbox 1067 4288 1201 4362; x_wconf 78' lang='lat' dir='ltr'><strong>honeste</strong></span> <span class='ocrx_word' id='word_1_270' title='bbox 1217 4289 1336 4363; x_wconf 90' lang='lat' dir='ltr'><strong>femine</strong></span> <span class='ocrx_word' id='word_1_271' title='bbox 1351 4289 1484 4381; x_wconf 77' lang='lat' dir='ltr'><strong>coniugi</strong></span> <span class='ocrx_word' id='word_1_272' title='bbox 1507 4312 1599 4360; x_wconf 89' lang='lat' dir='ltr'><strong>meae</strong></span> <span class='ocrx_word' id='word_1_273' title='bbox 1622 4313 1729 4386; x_wconf 87' lang='lat' dir='ltr'><strong>neque</strong></span> <span class='ocrx_word' id='word_1_274' title='bbox 1753 4315 1772 4361; x_wconf 88' lang='lat' dir='ltr'><strong>n</strong></span> <span class='ocrx_word' id='word_1_275' title='bbox 1795 4290 1875 4362; x_wconf 84' lang='lat' dir='ltr'><strong>meis</strong></span> <span class='ocrx_word' id='word_1_276' title='bbox 1899 4291 2073 4363; x_wconf 84' lang='lat' dir='ltr'><strong>heredibus</strong></span> <span class='ocrx_word' id='word_1_277' title='bbox 2095 4289 2185 4363; x_wconf 93' lang='lat' dir='ltr'><strong>nullo</strong></span> 
     </span>
     <span class='ocr_line' id='line_1_27' title="bbox 758 4416 2186 4518; baseline -0.005 -24"><span class='ocrx_word' id='word_1_278' title='bbox 758 4431 904 4518; x_wconf 83' lang='lat' dir='ltr'><strong>tempore</strong></span> <span class='ocrx_word' id='word_1_279' title='bbox 920 4443 1101 4516; x_wconf 88' lang='lat' dir='ltr'><strong>numquam</strong></span> <span class='ocrx_word' id='word_1_280' title='bbox 1113 4441 1172 4493; x_wconf 85' lang='lat' dir='ltr'><strong>voe</strong></span> <span class='ocrx_word' id='word_1_281' title='bbox 1185 4426 1365 4493; x_wconf 77' lang='lat' dir='ltr'><strong>memorato</strong></span> <span class='ocrx_word' id='word_1_282' title='bbox 1381 4416 1513 4489; x_wconf 90' lang='lat' dir='ltr'><strong>domino</strong></span> <span class='ocrx_word' id='word_1_283' title='bbox 1528 4416 1667 4488; x_wconf 87' lang='lat' dir='ltr'><strong>iobanne</strong></span> <span class='ocrx_word' id='word_1_284' title='bbox 1681 4417 1857 4490; x_wconf 89' lang='lat' dir='ltr'><strong>venerabili</strong></span> <span class='ocrx_word' id='word_1_285' title='bbox 1871 4441 2035 4514; x_wconf 80' lang='lat' dir='ltr'><strong>ygumeno</strong></span> <span class='ocrx_word' id='word_1_286' title='bbox 2048 4426 2105 4488; x_wconf 86' lang='lat' dir='ltr'><strong>aut</strong></span> <span class='ocrx_word' id='word_1_287' title='bbox 2119 4439 2186 4512; x_wconf 88' lang='lat' dir='ltr'><strong>po·</strong></span> 
     </span>
     <span class='ocr_line' id='line_1_28' title="bbox 759 4539 2189 4636; baseline -0.006 -15"><span class='ocrx_word' id='word_1_288' title='bbox 759 4547 851 4621; x_wconf 87' lang='lat' dir='ltr'><strong>steria</strong></span> <span class='ocrx_word' id='word_1_289' title='bbox 862 4547 978 4622; x_wconf 84' lang='lat' dir='ltr'><strong>vestris</strong></span> <span class='ocrx_word' id='word_1_290' title='bbox 989 4570 1049 4620; x_wconf 87' lang='lat' dir='ltr'><strong>nec</strong></span> <span class='ocrx_word' id='word_1_291' title='bbox 1060 4553 1259 4618; x_wconf 86' lang='lat' dir='ltr'><strong>memoratus</strong></span> <span class='ocrx_word' id='word_1_292' title='bbox 1273 4550 1401 4615; x_wconf 86' lang='lat' dir='ltr'><strong>sanctus</strong></span> <span class='ocrx_word' id='word_1_293' title='bbox 1412 4551 1445 4614; x_wconf 89' lang='lat' dir='ltr'><strong>et</strong></span> <span class='ocrx_word' id='word_1_294' title='bbox 1456 4539 1648 4613; x_wconf 88' lang='lat' dir='ltr'><strong>venerabilis</strong></span> <span class='ocrx_word' id='word_1_295' title='bbox 1662 4539 1769 4612; x_wconf 79' lang='lat' dir='ltr'><strong>bester</strong></span> <span class='ocrx_word' id='word_1_296' title='bbox 1784 4541 1997 4614; x_wconf 82' lang='lat' dir='ltr'><strong>monasterius</strong></span> <span class='ocrx_word' id='word_1_297' title='bbox 2008 4541 2096 4636; x_wconf 92' lang='lat' dir='ltr'><strong>quod</strong></span> <span class='ocrx_word' id='word_1_298' title='bbox 2107 4541 2189 4614; x_wconf 86' lang='lat' dir='ltr'><strong>absit</strong></span> 
     </span>
     <span class='ocr_line' id='line_1_29' title="bbox 757 4665 2192 4767; baseline -0.002 -26"><span class='ocrx_word' id='word_1_299' title='bbox 757 4671 902 4743; x_wconf 84' lang='lat' dir='ltr'><strong>habeatis</strong></span> <span class='ocrx_word' id='word_1_300' title='bbox 925 4672 1042 4744; x_wconf 85' lang='lat' dir='ltr'><strong>exinde</strong></span> <span class='ocrx_word' id='word_1_301' title='bbox 1066 4670 1240 4767; x_wconf 87' lang='lat' dir='ltr'><strong>aliquando</strong></span> <span class='ocrx_word' id='word_1_302' title='bbox 1264 4691 1471 4764; x_wconf 81' lang='lat' dir='ltr'><strong>quacumque</strong></span> <span class='ocrx_word' id='word_1_303' title='bbox 1485 4665 1730 4762; x_wconf 88' lang='lat' dir='ltr'><strong>requisitionem</strong></span> <span class='ocrx_word' id='word_1_304' title='bbox 1746 4675 1802 4737; x_wconf 87' lang='lat' dir='ltr'><strong>aut</strong></span> <span class='ocrx_word' id='word_1_305' title='bbox 1818 4666 1965 4737; x_wconf 86' lang='lat' dir='ltr'><strong>molestia</strong></span> <span class='ocrx_word' id='word_1_306' title='bbox 1982 4689 2041 4760; x_wconf 91' lang='lat' dir='ltr'><strong>per</strong></span> <span class='ocrx_word' id='word_1_307' title='bbox 2063 4665 2192 4738; x_wconf 91' lang='lat' dir='ltr'><strong>nullum</strong></span> 
     </span>
     <span class='ocr_line' id='line_1_30' title="bbox 758 4789 2190 4888; baseline -0.003 -22"><span class='ocrx_word' id='word_1_308' title='bbox 758 4795 895 4866; x_wconf 92' lang='lat' dir='ltr'><strong>modum</strong></span> <span class='ocrx_word' id='word_1_309' title='bbox 918 4817 977 4865; x_wconf 89' lang='lat' dir='ltr'><strong>nec</strong></span> <span class='ocrx_word' id='word_1_310' title='bbox 1001 4815 1059 4887; x_wconf 93' lang='lat' dir='ltr'><strong>per</strong></span> <span class='ocrx_word' id='word_1_311' title='bbox 1082 4793 1261 4866; x_wconf 82' lang='lat' dir='ltr'><strong>summissis</strong></span> <span class='ocrx_word' id='word_1_312' title='bbox 1284 4814 1436 4888; x_wconf 85' lang='lat' dir='ltr'><strong>personas</strong></span> <span class='ocrx_word' id='word_1_313' title='bbox 1459 4789 1502 4862; x_wconf 89' lang='lat' dir='ltr'><strong>ba</strong></span> <span class='ocrx_word' id='word_1_314' title='bbox 1525 4813 1611 4864; x_wconf 89' lang='lat' dir='ltr'><strong>nune</strong></span> <span class='ocrx_word' id='word_1_315' title='bbox 1635 4801 1668 4862; x_wconf 91' lang='lat' dir='ltr'><strong>et</strong></span> <span class='ocrx_word' id='word_1_316' title='bbox 1683 4791 1893 4886; x_wconf 89' lang='lat' dir='ltr'><strong>imperpetnia</strong></span> <span class='ocrx_word' id='word_1_317' title='bbox 1917 4789 2126 4884; x_wconf 79' lang='lat' dir='ltr'><strong>temporibus</strong></span> <span class='ocrx_word' id='word_1_318' title='bbox 2149 4810 2190 4862; x_wconf 88' lang='lat' dir='ltr'><strong>eo</strong></span> 
     </span>
     <span class='ocr_line' id='line_1_31' title="bbox 760 4917 2190 5018; baseline -0.001 -26"><span class='ocrx_word' id='word_1_319' title='bbox 760 4922 850 5018; x_wconf 90' lang='lat' dir='ltr'><strong>quod</strong></span> <span class='ocrx_word' id='word_1_320' title='bbox 860 4919 1001 4992; x_wconf 91' lang='lat' dir='ltr'><strong>nominis</strong></span> <span class='ocrx_word' id='word_1_321' title='bbox 1014 4931 1134 4992; x_wconf 86' lang='lat' dir='ltr'><strong>meoet</strong></span> <span class='ocrx_word' id='word_1_322' title='bbox 1148 4923 1241 4993; x_wconf 88' lang='lat' dir='ltr'><strong>istius</strong></span> <span class='ocrx_word' id='word_1_323' title='bbox 1254 4921 1386 5014; x_wconf 77' lang='lat' dir='ltr'><strong>coniugi</strong></span> <span class='ocrx_word' id='word_1_324' title='bbox 1401 4943 1493 4994; x_wconf 78' lang='lat' dir='ltr'><strong>mene</strong></span> <span class='ocrx_word' id='word_1_325' title='bbox 1506 4919 1645 4992; x_wconf 85' lang='lat' dir='ltr'><strong>scribere</strong></span> <span class='ocrx_word' id='word_1_326' title='bbox 1661 4919 1782 5014; x_wconf 80' lang='lat' dir='ltr'><strong>dignati</strong></span> <span class='ocrx_word' id='word_1_327' title='bbox 1797 4919 1872 4991; x_wconf 88' lang='lat' dir='ltr'><strong>estis</strong></span> <span class='ocrx_word' id='word_1_328' title='bbox 1887 4919 1921 4990; x_wconf 92' lang='lat' dir='ltr'><strong>in</strong></span> <span class='ocrx_word' id='word_1_329' title='bbox 1937 4941 2030 4990; x_wconf 89' lang='lat' dir='ltr'><strong>sacro</strong></span> <span class='ocrx_word' id='word_1_330' title='bbox 2042 4917 2190 5014; x_wconf 72' lang='lat' dir='ltr'><strong>dyptiooe</strong></span> 
     </span>
     <span class='ocr_line' id='line_1_32' title="bbox 761 5043 2192 5141; baseline -0.001 -21"><span class='ocrx_word' id='word_1_331' title='bbox 761 5053 898 5121; x_wconf 75' lang='lat' dir='ltr'><strong>vestroe.</strong></span> <span class='ocrx_word' id='word_1_332' title='bbox 924 5043 1012 5130; x_wconf 76' lang='lat' dir='ltr'><strong>Quia</strong></span> <span class='ocrx_word' id='word_1_333' title='bbox 1027 5043 1080 5118; x_wconf 83' lang='lat' dir='ltr'><strong>ite</strong></span> <span class='ocrx_word' id='word_1_334' title='bbox 1111 5043 1194 5118; x_wconf 87' lang='lat' dir='ltr'><strong>mibi</strong></span> <span class='ocrx_word' id='word_1_335' title='bbox 1218 5043 1423 5140; x_wconf 84' lang='lat' dir='ltr'><strong>complacui:</strong></span> <span class='ocrx_word' id='word_1_336' title='bbox 1454 5043 1622 5120; x_wconf 80' lang='lat' dir='ltr'><strong>Stantem</strong></span> <span class='ocrx_word' id='word_1_337' title='bbox 1646 5067 1707 5139; x_wconf 81' lang='lat' dir='ltr'><strong>ego</strong></span> <span class='ocrx_word' id='word_1_338' title='bbox 1732 5052 1789 5116; x_wconf 87' lang='lat' dir='ltr'><strong>aut</strong></span> <span class='ocrx_word' id='word_1_339' title='bbox 1811 5043 1945 5120; x_wconf 86' lang='lat' dir='ltr'><strong>heredes</strong></span> <span class='ocrx_word' id='word_1_340' title='bbox 1968 5044 2051 5118; x_wconf 83' lang='lat' dir='ltr'><strong>meis</strong></span> <span class='ocrx_word' id='word_1_341' title='bbox 2074 5043 2192 5141; x_wconf 85' lang='lat' dir='ltr'><strong>quovis</strong></span> 
     </span>
    </p>
   </div>
   <div class='ocr_carea' id='block_1_3' title="bbox 0 1488 8 3444">
    <p class='ocr_par' dir='ltr' id='par_1_7' title="bbox 0 1488 8 3444">
     <span class='ocr_line' id='line_1_33' title="bbox 0 1488 8 3444; baseline 0 0"><span class='ocrx_word' id='word_1_342' title='bbox 0 1488 8 3444; x_wconf 95' lang='lat' dir='ltr'><strong> </strong></span> 
     </span>
    </p>
   </div>
   <div class='ocr_carea' id='block_1_4' title="bbox 0 0 2474 6528">
    <p class='ocr_par' dir='ltr' id='par_1_8' title="bbox 0 0 2474 6528">
     <span class='ocr_line' id='line_1_34' title="bbox 0 0 2474 6528; baseline 0 0"><span class='ocrx_word' id='word_1_343' title='bbox 0 0 2474 6528; x_wconf 95' lang='lat' dir='ltr'><strong> </strong></span> 
     </span>
    </p>
   </div>
  </div>
 </body>
</html>
