4900 6528
900 705 1044 806 (ess)

262 871 349 976 intus
374 875 566 948 memoratas
589 865 790 940 coherentiss
814 866 945 963 aliquod
968 869 1120 942 remansit
1143 877 1200 940 aut
1222 869 1458 944 reservavimus
1470 891 1530 946 uec
1545 871 1580 944 in
1598 871 1683 946 alie·

262 1024 338 1074 uam
362 1019 512 1096 personas
534 995 757 1072 commisimus
772 1005 974 1092 potestatam.
992 996 1039 1068 lte
1055 1006 1092 1068 ut
1106 995 1149 1068 ha
1168 1019 1252 1070 nunc
1265 1007 1299 1070 ct
1315 999 1464 1096 deinceps
1486 1013 1679 1077 memoratae

260 1128 401 1222 integras
423 1146 481 1198 sex
504 1125 615 1198 nncim
638 1131 763 1196 uestras
785 1123 826 1196 ds
848 1127 1062 1195 memoratum
1083 1121 1245 1215 integrum
1268 1125 1405 1196 mudum
1427 1136 1461 1198 et
1483 1127 1524 1200 da
1546 1151 1678 1203 memo-

262 1264 331 1328 rate
355 1254 481 1348 iuteqrs
512 1250 653 1346 corrigia
676 1251 717 1324 de
740 1249 884 1322 terrain
907 1271 974 1320 uno
997 1249 1207 1322 coniunctum
1236 1249 1340 1343 posite
1363 1273 1443 1324 vero
1466 1254 1508 1327 ad
1532 1267 1677 1330 sunctum
1814 1265 1818 1276 ’

263 1389 394 1480 petrum
417 1377 458 1450 ad
481 1385 652 1473 paternum
676 1397 840 1450 unacum
868 1375 1038 1450 arvoribus
1070 1375 1244 1448 fructiferis
1268 1376 1320 1448 vel
1343 1377 1551 1453 infructiferis
1584 1381 1682 1454 simul

260 1529 337 1580 cum
359 1503 527 1578 introitum
551 1523 649 1574 suum
671 1499 887 1597 omnibusque
909 1499 973 1574 sivi
996 1499 1237 1596 pertinentibus.
1252 1501 1339 1572 unda
1356 1499 1437 1572 nihil
1455 1502 1548 1576 nobis
1563 1505 1681 1583 exinde

259 1631 412 1706 remissit
434 1637 491 1702 sut
511 1627 748 1702 reservavimus
771 1634 929 1722 quatenus
958 1622 1043 1700 sicut
1065 1625 1213 1720 superim
1232 1625 1350 1720 legitur
1376 1627 1503 1700 euobis
1526 1630 1619 1703 vobis
1641 1631 1683 1704 sit

260 1757 469 1834 venumdatus
491 1763 525 1829 et
548 1754 678 1828 nuditas
705 1753 739 1824 in
768 1760 875 1825 vestra
898 1750 1098 1846 posterisque
1120 1749 1236 1824 vestris
1258 1751 1322 1824 sint
1344 1761 1531 1848 potestatem
1554 1780 1684 1852 queque

260 1882 377 1958 exinde
399 1882 504 1954 facere
526 1877 694 1952 volueritis
716 1899 842 1972 semper
864 1875 998 1950 liberam
1013 1873 1156 1950 habeatis
1173 1883 1371 1969 potestatam.
1388 1887 1421 1950 et
1435 1901 1540 1974 neque
1555 1905 1574 1952 a
1589 1881 1683 1954 nobis

261 2020 441 2086 memorato
462 2008 569 2104 sergio
583 2015 616 2080 et
628 2005 756 2080 lennem
778 2003 912 2078 humilis
935 2003 1128 2100 presbyteris
1144 2025 1220 2076 eum
1238 2004 1413 2082 volumtate
1429 2019 1682 2082 memoratorum

258 2139 410 2212 domimis
432 2147 608 2212 memorate
630 2134 761 2208 melesio
784 2156 890 2230 neque
913 2157 932 2206 a
954 2131 1092 2228 posteris
1113 2133 1230 2205 nostris
1253 2155 1359 2229 neque
1381 2160 1400 2206 a
1423 2145 1599 2210 memorata
1621 2159 1683 2210 ec-

259 2265 355 2344 clesia
377 2275 486 2338 nostre
508 2287 616 2362 neque
638 2263 679 2335 ab
702 2263 839 2337 istorum
861 2261 1013 2336 dominiis
1037 2283 1098 2334 nec
1112 2259 1153 2332 ab
1168 2283 1282 2336 aorem
1306 2261 1476 2338 heredibus
1490 2265 1580 2338 nullo
1594 2273 1682 2341 tem-

261 2415 342 2488 pore
364 2412 544 2486 numquam
567 2409 626 2462 vce
649 2397 845 2460 memoratus
864 2387 1016 2462 dominus
1038 2386 1193 2462 iohannes
1215 2389 1406 2464 venerahilis
1428 2413 1610 2488 ygumenus
1628 2402 1684 2466 cut

259 2513 395 2610 posteris
417 2533 477 2586 uec
499 2517 695 2584 muneratus
717 2517 845 2580 sanctus
867 2517 900 2581 et
923 2509 1113 2585 venerabilis
1134 2511 1241 2586 hester
1255 2516 1467 2590 monasterius
1490 2519 1579 2616 qnod
1603 2518 1684 2591 absit

259 2641 404 2714 babeatis
426 2639 543 2713 exinde
565 2635 739 2734 aliqumdo
760 2657 968 2734 quacumque
990 2639 1233 2733 requisitionem
1248 2651 1304 2716 ant
1323 2643 1468 2720 molestie
1483 2667 1542 2742 per
1557 2645 1684 2720 nullum

261 2770 398 2846 medum
420 2791 480 2844 occ
503 2787 563 2863 per
584 2763 764 2840 summissis
786 2785 939 2860 perseum
962 2762 1005 2840 ha
1027 2787 1114 2840 nuuc
1137 2777 1170 2842 ct
1188 2769 1396 2868 imperpetuis
1412 2772 1610 2870 temporibus
1624 2795 1685 2868 pro

262 2921 304 2973 eo
328 2897 418 2996 quod
449 2893 656 2992 imprecantis
689 2890 871 2986 accepimns
895 2916 916 2964 a
937 2887 1032 2964 vobis
1062 2891 1179 2966 exinde
1211 2895 1293 2968 idest
1316 2897 1387 2969 auri
1409 2897 1472 2968 tari
1495 2897 1628 2993 trigints
1651 2899 1687 2970 in
1845 2939 1852 2948 ·

253 3046 395 3100 omnem
417 3021 580 3098 denisium
602 3043 661 3095 seu
683 3008 956 3094 deliberitionem.
984 3017 1074 3114 Quia
1097 3017 1143 3090 ita
1165 3018 1250 3093 inter
1265 3021 1359 3094 uobis
1373 3023 1554 3096 cembenit=
1572 3025 1607 3096 Si
1623 3047 1689 3098 au-

263 3162 330 3229 tem
352 3173 411 3230 nos
434 3158 490 3226 sut
511 3150 647 3247 pesteris
669 3147 906 3244 heredibusque
927 3146 1046 3222 noshis
1061 3147 1178 3245 quovis
1196 3155 1342 3246 tempore
1356 3157 1468 3223 cenna
1483 3149 1568 3223 hauc
1584 3151 1687 3226 char-

259 3283 366 3358 tulsm
388 3279 583 3355 venditionis
606 3285 644 3352 ut
666 3276 905 3373 supertegitur
927 3277 1038 3350 venire
1059 3279 1348 3373 presumpserimus
1371 3287 1405 3352 et
1426 3280 1462 3354 iu
1484 3280 1608 3376 aliquid
1631 3283 1689 3356 of·

260 3409 342 3484 fensi
365 3407 522 3480 fuerimus
544 3427 604 3501 per
626 3401 743 3500 quovis
765 3403 899 3474 modum
914 3409 970 3472 aut
985 3401 1163 3474 summissis
1185 3423 1349 3497 munuae.
1369 3411 1446 3476 tuuc
1462 3407 1689 3502 componimus

261 3534 321 3608 tibi
346 3533 474 3628 tuisque
496 3529 632 3626 posteris
655 3528 727 3604 suri
753 3527 871 3600 solidos
895 3525 1010 3620 viginti
1031 3523 1246 3600 bithiautecsr
1268 3535 1301 3600 et
1316 3529 1377 3602 hec
1390 3527 1535 3604 chartule
1549 3531 1688 3628 qualiter

261 3659 406 3737 cundoet
427 3659 520 3732 mma
542 3662 727 3751 permaneat
749 3653 998 3746 imperpetuum.
1022 3651 1140 3748 scripta
1161 3677 1220 3751 per
1247 3676 1362 3728 manus
1392 3653 1525 3729 ichsuui
1556 3657 1688 3730 curialis

262 3809 321 3886 per
343 3783 518 3858 indictione
540 3787 716 3854 memoratu
740 3775 853 3847 octabu
875 3775 908 3872 †
1498 3883 1499 3888 Ἰ

235 3989 246 4008 s
360 3911 433 3980 Hoc
454 3906 583 4000 signum
607 3899 640 3996 †
662 3922 777 3975 manus
799 3898 971 3970 memorati
993 3899 1137 3994 gregeus
1151 3908 1185 3974 et
1200 3901 1299 3998 sergii
1321 3905 1491 3998 germanis.
1514 3905 1689 4005 signum-p

264 4063 378 4116 munus
401 4043 577 4113 memorate
600 4055 696 4106 meru
710 4031 843 4103 honesta
857 4029 977 4102 lemine
991 4052 1068 4106 eum
1081 4031 1258 4107 volumtate
1270 4034 1439 4108 memorati
1455 4035 1603 4110 theodori
1625 4039 1689 4112 viri

266 4173 329 4244 sui.
353 4169 479 4264 siphum
504 4164 536 4264 †
563 4184 680 4238 munus
709 4166 887 4234 memorate
919 4158 1020 4232 maria
1049 4157 1184 4233 honmts
1208 4161 1327 4235 femine
1348 4159 1412 4234 hoc
1435 4172 1484 4242 est
1506 4159 1691 4262 exadelphis

267 4295 357 4394 qnod
372 4315 434 4388 ego
457 4291 515 4388 qui
538 4295 735 4362 memoratos
748 4309 809 4382 pro
823 4285 871 4357 eis
886 4283 1060 4381 subscripsi
1075 4292 1108 4359 et
1126 4293 1320 4360 memoratos
1345 4287 1407 4359 tui

360 4420 392 4518 †
414 4420 484 4513 Ego
507 4415 631 4511 sergius
654 4413 821 4509 presbyter
842 4410 1015 4506 subscripsi
1030 4407 1111 4508 Η-
1134 4433 1197 4506 ego
1219 4411 1272 4484 leo
1292 4411 1449 4506 presbiter
1471 4414 1643 4512 subscripsi
1659 4419 1690 4514 †

360 4545 477 4640 †ago
500 4541 668 4636 gregorius
691 4537 777 4610 filius
800 4537 924 4609 domim
945 4537 1059 4610 cesarii
1081 4544 1215 4630 rogatus
1238 4560 1257 4608 e
1280 4537 1509 4634 suprascriptas
1536 4564 1688 4638 personas

270 4673 343 4746 testi
367 4667 541 4760 subscripsi
564 4675 597 4736 et
620 4659 829 4758 suprascripti
853 4661 915 4734 tari
938 4661 1073 4732 treditns
1096 4657 1211 4755 bidi†

360 4793 392 4888 †
415 4796 488 4886 Ego
511 4789 665 4862 iohannes
688 4785 773 4858 filius
797 4783 884 4854 idem
907 4783 1031 4858 domini
1055 4782 1188 4856 iohanni
1210 4781 1359 4857 tabularii
1374 4795 1506 4882 rogatus
1530 4815 1549 4866 a
1571 4815 1691 4893 supra.

268 4925 400 5020 πήρη,
422 4936 573 5018 personas
595 4912 670 4987 testi
693 4909 866 5006 subscripsi
889 4917 922 4984 et
944 4907 1114 4981 memorati
1138 4907 1200 4982 tui
1223 4907 1356 4983 uaditcs
1378 4911 1446 4986 vidi
1470 4910 1502 5010 †
