<?xml version="1.0" encoding="UTF-8"?>
<!DOCTYPE html PUBLIC "-//W3C//DTD XHTML 1.0 Transitional//EN"
    "http://www.w3.org/TR/xhtml1/DTD/xhtml1-transitional.dtd">
<html xmlns="http://www.w3.org/1999/xhtml" xml:lang="en" lang="en">
 <head>
  <title>
</title>
<meta http-equiv="Content-Type" content="text/html;charset=utf-8" />
  <meta name='ocr-system' content='tesseract 3.04.00' />
  <meta name='ocr-capabilities' content='ocr_page ocr_carea ocr_par ocr_line ocrx_word'/>
</head>
<body>
  <div class='ocr_page' id='page_1' title='image "./monumentaeditaa02napogoog_0170.png"; bbox 0 0 4876 6532; ppageno 0'>
   <div class='ocr_carea' id='block_1_1' title="bbox 879 561 1115 716">
    <p class='ocr_par' dir='ltr' id='par_1_1' title="bbox 879 561 1115 716">
     <span class='ocr_line' id='line_1_1' title="bbox 879 561 1115 716; baseline 0.017 -25"><span class='ocrx_word' id='word_1_1' title='bbox 879 617 1027 716; x_wconf 82' lang='lat' dir='ltr'><strong>(rea)</strong></span> <span class='ocrx_word' id='word_1_2' title='bbox 1113 561 1115 566; x_wconf 16' lang='grc' dir='ltr'>Ι</span> 
     </span>
    </p>
   </div>
   <div class='ocr_carea' id='block_1_2' title="bbox 894 908 993 980">
    <p class='ocr_par' dir='ltr' id='par_1_2' title="bbox 894 908 993 980">
     <span class='ocr_line' id='line_1_2' title="bbox 894 908 993 980; baseline 0 0"><span class='ocrx_word' id='word_1_3' title='bbox 894 908 993 980; x_wconf 76' lang='lat' dir='ltr'><strong>exn.</strong></span> 
     </span>
    </p>
   </div>
   <div class='ocr_carea' id='block_1_3' title="bbox 231 1163 1795 5062">
    <p class='ocr_par' dir='ltr' id='par_1_3' title="bbox 231 1163 1795 5062">
     <span class='ocr_line' id='line_1_3' title="bbox 327 1163 1779 1274; baseline 0.004 -34"><span class='ocrx_word' id='word_1_4' title='bbox 327 1166 410 1264; x_wconf 87' lang='lat' dir='ltr'><strong>†1n</strong></span> <span class='ocrx_word' id='word_1_5' title='bbox 425 1169 558 1240; x_wconf 91' lang='lat' dir='ltr'><strong>nomine</strong></span> <span class='ocrx_word' id='word_1_6' title='bbox 569 1165 694 1241; x_wconf 90' lang='lat' dir='ltr'><strong>domini</strong></span> <span class='ocrx_word' id='word_1_7' title='bbox 712 1166 765 1240; x_wconf 93' lang='lat' dir='ltr'><strong>dei</strong></span> <span class='ocrx_word' id='word_1_8' title='bbox 780 1164 949 1238; x_wconf 88' lang='lat' dir='ltr'><strong>salvatoris</strong></span> <span class='ocrx_word' id='word_1_9' title='bbox 962 1164 1066 1236; x_wconf 81' lang='lat' dir='ltr'><strong>nostri</strong></span> <span class='ocrx_word' id='word_1_10' title='bbox 1080 1163 1176 1236; x_wconf 88' lang='lat' dir='ltr'><strong>ibesu</strong></span> <span class='ocrx_word' id='word_1_11' title='bbox 1192 1163 1313 1236; x_wconf 79' lang='lat' dir='ltr'>Christi</span> <span class='ocrx_word' id='word_1_12' title='bbox 1326 1163 1509 1258; x_wconf 81' lang='lat' dir='ltr'><strong>Imperante</strong></span> <span class='ocrx_word' id='word_1_13' title='bbox 1524 1169 1656 1245; x_wconf 89' lang='lat' dir='ltr'><strong>domino</strong></span> <span class='ocrx_word' id='word_1_14' title='bbox 1722 1226 1779 1274; x_wconf 50' lang='lat' dir='ltr'><strong>an·</strong></span> 
     </span>
     <span class='ocr_line' id='line_1_4' title="bbox 236 1289 1795 1400; baseline 0.001 -34"><span class='ocrx_word' id='word_1_15' title='bbox 236 1305 344 1368; x_wconf 87' lang='lat' dir='ltr'><strong>nostro</strong></span> <span class='ocrx_word' id='word_1_16' title='bbox 367 1293 537 1390; x_wconf 88' lang='lat' dir='ltr'><strong>nioipboro</strong></span> <span class='ocrx_word' id='word_1_17' title='bbox 560 1315 680 1386; x_wconf 78' lang='lat' dir='ltr'><strong>magno</strong></span> <span class='ocrx_word' id='word_1_18' title='bbox 702 1295 899 1386; x_wconf 77' lang='lat' dir='ltr'>Imperatore</span> <span class='ocrx_word' id='word_1_19' title='bbox 924 1313 1009 1361; x_wconf 92' lang='lat' dir='ltr'><strong>anno</strong></span> <span class='ocrx_word' id='word_1_20' title='bbox 1032 1291 1185 1362; x_wconf 67' lang='lat' dir='ltr'><strong>mundo.</strong></span> <span class='ocrx_word' id='word_1_21' title='bbox 1210 1289 1273 1361; x_wconf 89' lang='lat' dir='ltr'><strong>Die</strong></span> <span class='ocrx_word' id='word_1_22' title='bbox 1296 1311 1383 1360; x_wconf 85' lang='lat' dir='ltr'><strong>nona</strong></span> <span class='ocrx_word' id='word_1_23' title='bbox 1405 1292 1539 1364; x_wconf 85' lang='lat' dir='ltr'><strong>mensis¹</strong></span> <span class='ocrx_word' id='word_1_24' title='bbox 1556 1301 1655 1392; x_wconf 79' lang='lat' dir='ltr'><strong>magii</strong></span> <span class='ocrx_word' id='word_1_25' title='bbox 1708 1339 1795 1400; x_wconf 81' lang='lat'><strong>965.</strong></span> 
     </span>
     <span class='ocr_line' id='line_1_5' title="bbox 235 1417 1656 1517; baseline -0.001 -21"><span class='ocrx_word' id='word_1_26' title='bbox 235 1423 406 1496; x_wconf 75' lang='lat' dir='ltr'><strong>indictione</strong></span> <span class='ocrx_word' id='word_1_27' title='bbox 430 1424 544 1497; x_wconf 87' lang='lat' dir='ltr'><strong>octaba</strong></span> <span class='ocrx_word' id='word_1_28' title='bbox 566 1420 702 1517; x_wconf 88' lang='lat' dir='ltr'><strong>neapoli.</strong></span> <span class='ocrx_word' id='word_1_29' title='bbox 726 1421 859 1496; x_wconf 79' lang='lat' dir='ltr'>Certum</span> <span class='ocrx_word' id='word_1_30' title='bbox 875 1429 923 1492; x_wconf 91' lang='lat' dir='ltr'><strong>est</strong></span> <span class='ocrx_word' id='word_1_31' title='bbox 936 1442 990 1491; x_wconf 91' lang='lat' dir='ltr'><strong>me</strong></span> <span class='ocrx_word' id='word_1_32' title='bbox 1005 1417 1192 1512; x_wconf 80' lang='lat' dir='ltr'><strong>gregorium</strong></span> <span class='ocrx_word' id='word_1_33' title='bbox 1216 1417 1320 1489; x_wconf 86' lang='lat' dir='ltr'><strong>tilium</strong></span> <span class='ocrx_word' id='word_1_34' title='bbox 1342 1421 1508 1514; x_wconf 88' lang='lat' dir='ltr'><strong>quondam</strong></span> <span class='ocrx_word' id='word_1_35' title='bbox 1532 1423 1656 1496; x_wconf 87' lang='lat' dir='ltr'><strong>domini</strong></span> 
     </span>
     <span class='ocr_line' id='line_1_6' title="bbox 234 1542 1656 1642; baseline 0.003 -24"><span class='ocrx_word' id='word_1_36' title='bbox 234 1547 315 1639; x_wconf 90' lang='lat' dir='ltr'><strong>petri</strong></span> <span class='ocrx_word' id='word_1_37' title='bbox 339 1557 372 1618; x_wconf 91' lang='lat' dir='ltr'><strong>et</strong></span> <span class='ocrx_word' id='word_1_38' title='bbox 395 1548 559 1642; x_wconf 80' lang='lat' dir='ltr'><strong>quondam</strong></span> <span class='ocrx_word' id='word_1_39' title='bbox 592 1545 723 1618; x_wconf 91' lang='lat' dir='ltr'><strong>domine</strong></span> <span class='ocrx_word' id='word_1_40' title='bbox 746 1546 845 1617; x_wconf 90' lang='lat' dir='ltr'><strong>drosu</strong></span> <span class='ocrx_word' id='word_1_41' title='bbox 868 1543 1002 1616; x_wconf 89' lang='lat' dir='ltr'><strong>honesta</strong></span> <span class='ocrx_word' id='word_1_42' title='bbox 1025 1542 1145 1614; x_wconf 88' lang='lat' dir='ltr'><strong>femina</strong></span> <span class='ocrx_word' id='word_1_43' title='bbox 1168 1543 1325 1637; x_wconf 80' lang='lat' dir='ltr'><strong>iugalium</strong></span> <span class='ocrx_word' id='word_1_44' title='bbox 1348 1568 1567 1638; x_wconf 86' lang='lat' dir='ltr'><strong>personarum.</strong></span> <span class='ocrx_word' id='word_1_45' title='bbox 1591 1573 1656 1622; x_wconf 89' lang='lat' dir='ltr'><strong>una</strong></span> 
     </span>
     <span class='ocr_line' id='line_1_7' title="bbox 235 1667 1657 1768; baseline 0.004 -26"><span class='ocrx_word' id='word_1_46' title='bbox 235 1695 309 1744; x_wconf 92' lang='lat' dir='ltr'><strong>eum</strong></span> <span class='ocrx_word' id='word_1_47' title='bbox 331 1674 498 1746; x_wconf 84' lang='lat' dir='ltr'><strong>voluntate</strong></span> <span class='ocrx_word' id='word_1_48' title='bbox 521 1671 723 1768; x_wconf 85' lang='lat' dir='ltr'><strong>presenb&#39;bus</strong></span> <span class='ocrx_word' id='word_1_49' title='bbox 745 1669 833 1741; x_wconf 90' lang='lat' dir='ltr'><strong>leoni</strong></span> <span class='ocrx_word' id='word_1_50' title='bbox 856 1677 889 1740; x_wconf 91' lang='lat' dir='ltr'><strong>et</strong></span> <span class='ocrx_word' id='word_1_51' title='bbox 911 1667 995 1764; x_wconf 89' lang='lat' dir='ltr'><strong>petri</strong></span> <span class='ocrx_word' id='word_1_52' title='bbox 1018 1667 1093 1740; x_wconf 86' lang='lat' dir='ltr'><strong>filiis</strong></span> <span class='ocrx_word' id='word_1_53' title='bbox 1116 1668 1210 1739; x_wconf 85' lang='lat' dir='ltr'><strong>meis:</strong></span> <span class='ocrx_word' id='word_1_54' title='bbox 1237 1670 1269 1738; x_wconf 86' lang='lat' dir='ltr'>A</span> <span class='ocrx_word' id='word_1_55' title='bbox 1292 1671 1432 1762; x_wconf 88' lang='lat' dir='ltr'><strong>presenti</strong></span> <span class='ocrx_word' id='word_1_56' title='bbox 1464 1673 1517 1744; x_wconf 93' lang='lat' dir='ltr'><strong>die</strong></span> <span class='ocrx_word' id='word_1_57' title='bbox 1539 1697 1657 1768; x_wconf 91' lang='lat' dir='ltr'><strong>prom-</strong></span> 
     </span>
     <span class='ocr_line' id='line_1_8' title="bbox 234 1795 1657 1894; baseline 0.004 -24"><span class='ocrx_word' id='word_1_58' title='bbox 234 1799 355 1870; x_wconf 76' lang='lat' dir='ltr'><strong>tissima</strong></span> <span class='ocrx_word' id='word_1_59' title='bbox 378 1801 543 1872; x_wconf 87' lang='lat' dir='ltr'><strong>roiuntate</strong></span> <span class='ocrx_word' id='word_1_60' title='bbox 565 1823 627 1894; x_wconf 96' lang='lat' dir='ltr'><strong>pro</strong></span> <span class='ocrx_word' id='word_1_61' title='bbox 660 1799 784 1872; x_wconf 92' lang='lat' dir='ltr'><strong>domini</strong></span> <span class='ocrx_word' id='word_1_62' title='bbox 817 1819 996 1868; x_wconf 88' lang='lat' dir='ltr'><strong>ammorem</strong></span> <span class='ocrx_word' id='word_1_63' title='bbox 1027 1805 1060 1868; x_wconf 90' lang='lat' dir='ltr'><strong>et</strong></span> <span class='ocrx_word' id='word_1_64' title='bbox 1081 1795 1310 1889; x_wconf 68' lang='lat' dir='ltr'><strong>redemptionis</strong></span> <span class='ocrx_word' id='word_1_65' title='bbox 1345 1797 1469 1870; x_wconf 82' lang='lat' dir='ltr'><strong>animes</strong></span> <span class='ocrx_word' id='word_1_66' title='bbox 1498 1801 1599 1872; x_wconf 83' lang='lat' dir='ltr'><strong>offero</strong></span> <span class='ocrx_word' id='word_1_67' title='bbox 1624 1815 1657 1875; x_wconf 91' lang='lat' dir='ltr'><strong>et</strong></span> 
     </span>
     <span class='ocr_line' id='line_1_9' title="bbox 231 1919 1658 2022; baseline 0.005 -30"><span class='ocrx_word' id='word_1_68' title='bbox 231 1922 328 1992; x_wconf 73' lang='lat' dir='ltr'><strong>bado</strong></span> <span class='ocrx_word' id='word_1_69' title='bbox 351 1921 446 1994; x_wconf 84' lang='lat' dir='ltr'><strong>robis</strong></span> <span class='ocrx_word' id='word_1_70' title='bbox 467 1922 600 1994; x_wconf 90' lang='lat' dir='ltr'><strong>domino</strong></span> <span class='ocrx_word' id='word_1_71' title='bbox 623 1921 730 2015; x_wconf 80' lang='lat' dir='ltr'><strong>sergio</strong></span> <span class='ocrx_word' id='word_1_72' title='bbox 754 1919 930 1994; x_wconf 84' lang='lat' dir='ltr'><strong>venerabili</strong></span> <span class='ocrx_word' id='word_1_73' title='bbox 953 1921 1108 2013; x_wconf 77' lang='lat' dir='ltr'><strong>igrrmem</strong></span> <span class='ocrx_word' id='word_1_74' title='bbox 1131 1921 1319 1992; x_wconf 87' lang='lat' dir='ltr'><strong>monasterii</strong></span> <span class='ocrx_word' id='word_1_75' title='bbox 1352 1933 1536 1996; x_wconf 90' lang='lat' dir='ltr'><strong>sanctorum</strong></span> <span class='ocrx_word' id='word_1_76' title='bbox 1558 1930 1658 2022; x_wconf 86' lang='lat' dir='ltr'><strong>sergii</strong></span> 
     </span>
     <span class='ocr_line' id='line_1_10' title="bbox 235 2043 1659 2139; baseline 0.006 -25"><span class='ocrx_word' id='word_1_77' title='bbox 235 2055 268 2114; x_wconf 89' lang='lat' dir='ltr'><strong>et</strong></span> <span class='ocrx_word' id='word_1_78' title='bbox 290 2043 401 2114; x_wconf 88' lang='lat' dir='ltr'><strong>baschi</strong></span> <span class='ocrx_word' id='word_1_79' title='bbox 425 2044 483 2138; x_wconf 92' lang='lat' dir='ltr'><strong>qui</strong></span> <span class='ocrx_word' id='word_1_80' title='bbox 516 2067 604 2116; x_wconf 91' lang='lat' dir='ltr'><strong>nune</strong></span> <span class='ocrx_word' id='word_1_81' title='bbox 639 2053 854 2139; x_wconf 74' lang='lat' dir='ltr'><strong>congregatus</strong></span> <span class='ocrx_word' id='word_1_82' title='bbox 877 2065 911 2115; x_wconf 89' lang='lat' dir='ltr'><strong>es</strong></span> <span class='ocrx_word' id='word_1_83' title='bbox 942 2043 976 2114; x_wconf 94' lang='lat' dir='ltr'><strong>in</strong></span> <span class='ocrx_word' id='word_1_84' title='bbox 1009 2045 1205 2116; x_wconf 88' lang='lat' dir='ltr'><strong>monasterio</strong></span> <span class='ocrx_word' id='word_1_85' title='bbox 1234 2055 1418 2120; x_wconf 89' lang='lat' dir='ltr'><strong>sanctorum</strong></span> <span class='ocrx_word' id='word_1_86' title='bbox 1453 2050 1600 2124; x_wconf 88' lang='lat' dir='ltr'><strong>theodori</strong></span> <span class='ocrx_word' id='word_1_87' title='bbox 1625 2063 1659 2124; x_wconf 92' lang='lat' dir='ltr'><strong>et</strong></span> 
     </span>
     <span class='ocr_line' id='line_1_11' title="bbox 238 2167 1659 2268; baseline 0.008 -28"><span class='ocrx_word' id='word_1_88' title='bbox 238 2167 405 2240; x_wconf 81' lang='lat' dir='ltr'><strong>sebastiani</strong></span> <span class='ocrx_word' id='word_1_89' title='bbox 429 2169 488 2262; x_wconf 91' lang='lat' dir='ltr'><strong>qui</strong></span> <span class='ocrx_word' id='word_1_90' title='bbox 512 2171 691 2264; x_wconf 88' lang='lat' dir='ltr'><strong>appellatur</strong></span> <span class='ocrx_word' id='word_1_91' title='bbox 714 2171 872 2264; x_wconf 88' lang='lat' dir='ltr'><strong>casapicta</strong></span> <span class='ocrx_word' id='word_1_92' title='bbox 896 2170 994 2242; x_wconf 90' lang='lat' dir='ltr'><strong>situm</strong></span> <span class='ocrx_word' id='word_1_93' title='bbox 1025 2172 1060 2242; x_wconf 91' lang='lat' dir='ltr'><strong>in</strong></span> <span class='ocrx_word' id='word_1_94' title='bbox 1084 2171 1239 2242; x_wconf 83' lang='lat' dir='ltr'><strong>viridario</strong></span> <span class='ocrx_word' id='word_1_95' title='bbox 1267 2183 1300 2244; x_wconf 88' lang='lat' dir='ltr'><strong>et</strong></span> <span class='ocrx_word' id='word_1_96' title='bbox 1331 2197 1389 2268; x_wconf 93' lang='lat' dir='ltr'><strong>per</strong></span> <span class='ocrx_word' id='word_1_97' title='bbox 1404 2198 1463 2248; x_wconf 84' lang='lat' dir='ltr'><strong>ros</strong></span> <span class='ocrx_word' id='word_1_98' title='bbox 1487 2177 1521 2248; x_wconf 92' lang='lat' dir='ltr'><strong>in</strong></span> <span class='ocrx_word' id='word_1_99' title='bbox 1545 2183 1659 2254; x_wconf 89' lang='lat' dir='ltr'><strong>eodem</strong></span> 
     </span>
     <span class='ocr_line' id='line_1_12' title="bbox 238 2295 1660 2396; baseline 0.008 -30"><span class='ocrx_word' id='word_1_100' title='bbox 238 2307 345 2368; x_wconf 84' lang='lat' dir='ltr'><strong>saneto</strong></span> <span class='ocrx_word' id='word_1_101' title='bbox 369 2301 403 2366; x_wconf 88' lang='lat' dir='ltr'><strong>et</strong></span> <span class='ocrx_word' id='word_1_102' title='bbox 426 2295 602 2367; x_wconf 86' lang='lat' dir='ltr'><strong>venerabili</strong></span> <span class='ocrx_word' id='word_1_103' title='bbox 626 2304 734 2368; x_wconf 86' lang='lat' dir='ltr'><strong>vestro</strong></span> <span class='ocrx_word' id='word_1_104' title='bbox 758 2299 971 2370; x_wconf 87' lang='lat' dir='ltr'><strong>monasterio:</strong></span> <span class='ocrx_word' id='word_1_105' title='bbox 999 2300 1082 2371; x_wconf 84' lang='lat' dir='ltr'><strong>idest</strong></span> <span class='ocrx_word' id='word_1_106' title='bbox 1105 2299 1230 2393; x_wconf 80' lang='lat' dir='ltr'><strong>integra·</strong></span> <span class='ocrx_word' id='word_1_107' title='bbox 1253 2301 1433 2396; x_wconf 91' lang='lat' dir='ltr'><strong>portionem</strong></span> <span class='ocrx_word' id='word_1_108' title='bbox 1448 2327 1520 2377; x_wconf 91' lang='lat' dir='ltr'><strong>mea</strong></span> <span class='ocrx_word' id='word_1_109' title='bbox 1536 2330 1579 2378; x_wconf 85' lang='lat' dir='ltr'><strong>ex</strong></span> <span class='ocrx_word' id='word_1_110' title='bbox 1601 2309 1660 2378; x_wconf 90' lang='lat' dir='ltr'><strong>in-</strong></span> 
     </span>
     <span class='ocr_line' id='line_1_13' title="bbox 240 2422 1660 2520; baseline 0.011 -27"><span class='ocrx_word' id='word_1_111' title='bbox 240 2431 366 2517; x_wconf 76' lang='lat' dir='ltr'><strong>tegrum</strong></span> <span class='ocrx_word' id='word_1_112' title='bbox 391 2422 526 2494; x_wconf 74' lang='lat' dir='ltr'><strong>msalem</strong></span> <span class='ocrx_word' id='word_1_113' title='bbox 552 2422 763 2494; x_wconf 85' lang='lat' dir='ltr'><strong>constitutum</strong></span> <span class='ocrx_word' id='word_1_114' title='bbox 785 2423 821 2494; x_wconf 94' lang='lat' dir='ltr'><strong>in</strong></span> <span class='ocrx_word' id='word_1_115' title='bbox 844 2423 919 2493; x_wconf 90' lang='lat' dir='ltr'><strong>loeo</strong></span> <span class='ocrx_word' id='word_1_116' title='bbox 943 2425 1001 2520; x_wconf 92' lang='lat' dir='ltr'><strong>qui</strong></span> <span class='ocrx_word' id='word_1_117' title='bbox 1024 2434 1160 2498; x_wconf 84' lang='lat' dir='ltr'><strong>vocatur</strong></span> <span class='ocrx_word' id='word_1_118' title='bbox 1189 2427 1369 2502; x_wconf 88' lang='lat' dir='ltr'><strong>ariniannm</strong></span> <span class='ocrx_word' id='word_1_119' title='bbox 1386 2431 1508 2504; x_wconf 88' lang='lat' dir='ltr'><strong>cultum</strong></span> <span class='ocrx_word' id='word_1_120' title='bbox 1524 2434 1578 2508; x_wconf 83' lang='lat' dir='ltr'><strong>rel</strong></span> <span class='ocrx_word' id='word_1_121' title='bbox 1601 2435 1660 2508; x_wconf 93' lang='lat' dir='ltr'><strong>in-</strong></span> 
     </span>
     <span class='ocr_line' id='line_1_14' title="bbox 240 2547 1660 2652; baseline 0.007 -30"><span class='ocrx_word' id='word_1_122' title='bbox 240 2549 344 2622; x_wconf 83' lang='lat' dir='ltr'><strong>cultus</strong></span> <span class='ocrx_word' id='word_1_123' title='bbox 366 2547 464 2620; x_wconf 92' lang='lat' dir='ltr'><strong>simul</strong></span> <span class='ocrx_word' id='word_1_124' title='bbox 486 2569 562 2618; x_wconf 88' lang='lat' dir='ltr'><strong>eum</strong></span> <span class='ocrx_word' id='word_1_125' title='bbox 586 2547 756 2620; x_wconf 80' lang='lat' dir='ltr'><strong>erroribus</strong></span> <span class='ocrx_word' id='word_1_126' title='bbox 780 2549 955 2620; x_wconf 84' lang='lat' dir='ltr'><strong>fructiferis</strong></span> <span class='ocrx_word' id='word_1_127' title='bbox 977 2550 1031 2621; x_wconf 81' lang='lat' dir='ltr'><strong>vel</strong></span> <span class='ocrx_word' id='word_1_128' title='bbox 1053 2551 1261 2624; x_wconf 87' lang='lat' dir='ltr'><strong>infructiferis</strong></span> <span class='ocrx_word' id='word_1_129' title='bbox 1275 2565 1308 2627; x_wconf 91' lang='lat' dir='ltr'><strong>et</strong></span> <span class='ocrx_word' id='word_1_130' title='bbox 1322 2580 1397 2630; x_wconf 89' lang='lat' dir='ltr'><strong>eum</strong></span> <span class='ocrx_word' id='word_1_131' title='bbox 1415 2560 1564 2652; x_wconf 90' lang='lat' dir='ltr'><strong>portione</strong></span> <span class='ocrx_word' id='word_1_132' title='bbox 1587 2585 1660 2634; x_wconf 89' lang='lat' dir='ltr'><strong>mea</strong></span> 
     </span>
     <span class='ocr_line' id='line_1_15' title="bbox 240 2675 1661 2785; baseline 0.011 -35"><span class='ocrx_word' id='word_1_133' title='bbox 240 2679 279 2750; x_wconf 92' lang='lat' dir='ltr'><strong>de</strong></span> <span class='ocrx_word' id='word_1_134' title='bbox 300 2676 446 2772; x_wconf 84' lang='lat' dir='ltr'><strong>pisebina</strong></span> <span class='ocrx_word' id='word_1_135' title='bbox 469 2687 502 2750; x_wconf 88' lang='lat' dir='ltr'><strong>et</strong></span> <span class='ocrx_word' id='word_1_136' title='bbox 525 2678 564 2750; x_wconf 92' lang='lat' dir='ltr'><strong>de</strong></span> <span class='ocrx_word' id='word_1_137' title='bbox 588 2676 721 2750; x_wconf 86' lang='lat' dir='ltr'><strong>duleum</strong></span> <span class='ocrx_word' id='word_1_138' title='bbox 746 2675 844 2748; x_wconf 89' lang='lat' dir='ltr'><strong>simul</strong></span> <span class='ocrx_word' id='word_1_139' title='bbox 867 2699 943 2749; x_wconf 89' lang='lat' dir='ltr'><strong>eum</strong></span> <span class='ocrx_word' id='word_1_140' title='bbox 966 2678 1112 2750; x_wconf 75' lang='lat' dir='ltr'><strong>introitus</strong></span> <span class='ocrx_word' id='word_1_141' title='bbox 1143 2689 1256 2753; x_wconf 83' lang='lat' dir='ltr'><strong>earum</strong></span> <span class='ocrx_word' id='word_1_142' title='bbox 1287 2688 1501 2784; x_wconf 89' lang='lat' dir='ltr'><strong>omnibusque</strong></span> <span class='ocrx_word' id='word_1_143' title='bbox 1529 2691 1575 2762; x_wconf 88' lang='lat' dir='ltr'><strong>eis</strong></span> <span class='ocrx_word' id='word_1_144' title='bbox 1598 2715 1661 2785; x_wconf 82' lang='lat' dir='ltr'><strong>ge·</strong></span> 
     </span>
     <span class='ocr_line' id='line_1_16' title="bbox 240 2805 1663 2902; baseline 0.009 -24"><span class='ocrx_word' id='word_1_145' title='bbox 240 2806 393 2878; x_wconf 79' lang='lat' dir='ltr'><strong>metaliter</strong></span> <span class='ocrx_word' id='word_1_146' title='bbox 415 2805 650 2900; x_wconf 84' lang='lat' dir='ltr'><strong>pertinentibus</strong></span> <span class='ocrx_word' id='word_1_147' title='bbox 672 2807 731 2902; x_wconf 91' lang='lat' dir='ltr'><strong>qui</strong></span> <span class='ocrx_word' id='word_1_148' title='bbox 754 2805 891 2878; x_wconf 82' lang='lat' dir='ltr'><strong>indivise</strong></span> <span class='ocrx_word' id='word_1_149' title='bbox 912 2805 1031 2878; x_wconf 87' lang='lat' dir='ltr'><strong>reiaeet</strong></span> <span class='ocrx_word' id='word_1_150' title='bbox 1054 2829 1129 2878; x_wconf 90' lang='lat' dir='ltr'><strong>eum</strong></span> <span class='ocrx_word' id='word_1_151' title='bbox 1154 2809 1356 2902; x_wconf 79' lang='lat' dir='ltr'><strong>portionibus</strong></span> <span class='ocrx_word' id='word_1_152' title='bbox 1379 2815 1419 2886; x_wconf 89' lang='lat' dir='ltr'><strong>de</strong></span> <span class='ocrx_word' id='word_1_153' title='bbox 1443 2817 1556 2888; x_wconf 88' lang='lat' dir='ltr'><strong>ceteris</strong></span> <span class='ocrx_word' id='word_1_154' title='bbox 1579 2841 1663 2892; x_wconf 87' lang='lat' dir='ltr'><strong>con·</strong></span> 
     </span>
     <span class='ocr_line' id='line_1_17' title="bbox 241 2929 1663 3026; baseline 0.006 -22"><span class='ocrx_word' id='word_1_155' title='bbox 241 2931 380 3004; x_wconf 87' lang='lat' dir='ltr'><strong>sortibus</strong></span> <span class='ocrx_word' id='word_1_156' title='bbox 403 2929 494 3003; x_wconf 69' lang='lat' dir='ltr'><strong>mms.</strong></span> <span class='ocrx_word' id='word_1_157' title='bbox 508 2931 558 3003; x_wconf 89' lang='lat' dir='ltr'><strong>De</strong></span> <span class='ocrx_word' id='word_1_158' title='bbox 582 2954 647 3026; x_wconf 86' lang='lat' dir='ltr'><strong>qua</strong></span> <span class='ocrx_word' id='word_1_159' title='bbox 670 2929 753 3002; x_wconf 92' lang='lat' dir='ltr'><strong>nibil</strong></span> <span class='ocrx_word' id='word_1_160' title='bbox 775 2929 856 3004; x_wconf 90' lang='lat' dir='ltr'><strong>mibi</strong></span> <span class='ocrx_word' id='word_1_161' title='bbox 880 2931 996 3003; x_wconf 82' lang='lat' dir='ltr'><strong>exinde</strong></span> <span class='ocrx_word' id='word_1_162' title='bbox 1020 2933 1174 3004; x_wconf 80' lang='lat' dir='ltr'><strong>remansit</strong></span> <span class='ocrx_word' id='word_1_163' title='bbox 1197 2944 1254 3006; x_wconf 90' lang='lat' dir='ltr'><strong>aut</strong></span> <span class='ocrx_word' id='word_1_164' title='bbox 1276 2937 1439 3008; x_wconf 85' lang='lat' dir='ltr'><strong>reservavi</strong></span> <span class='ocrx_word' id='word_1_165' title='bbox 1456 2962 1515 3010; x_wconf 88' lang='lat' dir='ltr'><strong>nec</strong></span> <span class='ocrx_word' id='word_1_166' title='bbox 1530 2941 1565 3010; x_wconf 91' lang='lat' dir='ltr'><strong>in</strong></span> <span class='ocrx_word' id='word_1_167' title='bbox 1582 2941 1663 3012; x_wconf 89' lang='lat' dir='ltr'><strong>alie-</strong></span> 
     </span>
     <span class='ocr_line' id='line_1_18' title="bbox 240 3054 1665 3155; baseline 0.004 -28"><span class='ocrx_word' id='word_1_168' title='bbox 240 3079 316 3128; x_wconf 92' lang='lat' dir='ltr'><strong>nam</strong></span> <span class='ocrx_word' id='word_1_169' title='bbox 338 3075 510 3151; x_wconf 64' lang='lat' dir='ltr'><strong>pesonam</strong></span> <span class='ocrx_word' id='word_1_170' title='bbox 544 3054 692 3126; x_wconf 91' lang='lat' dir='ltr'><strong>commisi</strong></span> <span class='ocrx_word' id='word_1_171' title='bbox 724 3064 943 3150; x_wconf 86' lang='lat' dir='ltr'><strong>potestatem:</strong></span> <span class='ocrx_word' id='word_1_172' title='bbox 975 3058 1022 3128; x_wconf 83' lang='lat' dir='ltr'><strong>Ite</strong></span> <span class='ocrx_word' id='word_1_173' title='bbox 1045 3065 1083 3126; x_wconf 92' lang='lat' dir='ltr'><strong>ut</strong></span> <span class='ocrx_word' id='word_1_174' title='bbox 1112 3057 1156 3128; x_wconf 84' lang='lat' dir='ltr'><strong>be</strong></span> <span class='ocrx_word' id='word_1_175' title='bbox 1179 3081 1266 3130; x_wconf 90' lang='lat' dir='ltr'><strong>nunc</strong></span> <span class='ocrx_word' id='word_1_176' title='bbox 1289 3067 1323 3132; x_wconf 86' lang='lat' dir='ltr'><strong>et</strong></span> <span class='ocrx_word' id='word_1_177' title='bbox 1353 3059 1501 3155; x_wconf 82' lang='lat' dir='ltr'><strong>deinceps</strong></span> <span class='ocrx_word' id='word_1_178' title='bbox 1533 3083 1665 3134; x_wconf 90' lang='lat' dir='ltr'><strong>memo-</strong></span> 
     </span>
     <span class='ocr_line' id='line_1_19' title="bbox 240 3181 1666 3280; baseline 0.006 -28"><span class='ocrx_word' id='word_1_179' title='bbox 240 3195 312 3254; x_wconf 88' lang='lat' dir='ltr'><strong>rata</strong></span> <span class='ocrx_word' id='word_1_180' title='bbox 335 3183 461 3276; x_wconf 80' lang='lat' dir='ltr'><strong>integra</strong></span> <span class='ocrx_word' id='word_1_181' title='bbox 484 3181 631 3277; x_wconf 83' lang='lat' dir='ltr'><strong>portione</strong></span> <span class='ocrx_word' id='word_1_182' title='bbox 656 3204 729 3252; x_wconf 90' lang='lat' dir='ltr'><strong>mea</strong></span> <span class='ocrx_word' id='word_1_183' title='bbox 753 3205 795 3253; x_wconf 84' lang='lat' dir='ltr'><strong>ex</strong></span> <span class='ocrx_word' id='word_1_184' title='bbox 818 3181 926 3277; x_wconf 88' lang='lat' dir='ltr'><strong>ipsum</strong></span> <span class='ocrx_word' id='word_1_185' title='bbox 949 3181 1112 3276; x_wconf 80' lang='lat' dir='ltr'><strong>integrum</strong></span> <span class='ocrx_word' id='word_1_186' title='bbox 1145 3183 1282 3256; x_wconf 79' lang='lat' dir='ltr'><strong>casalem</strong></span> <span class='ocrx_word' id='word_1_187' title='bbox 1312 3183 1411 3256; x_wconf 90' lang='lat' dir='ltr'><strong>situm</strong></span> <span class='ocrx_word' id='word_1_188' title='bbox 1434 3185 1469 3258; x_wconf 92' lang='lat' dir='ltr'><strong>in</strong></span> <span class='ocrx_word' id='word_1_189' title='bbox 1492 3185 1563 3280; x_wconf 93' lang='lat' dir='ltr'><strong>ipso</strong></span> <span class='ocrx_word' id='word_1_190' title='bbox 1591 3188 1666 3260; x_wconf 90' lang='lat' dir='ltr'><strong>loeo</strong></span> 
     </span>
     <span class='ocr_line' id='line_1_20' title="bbox 244 3309 1666 3390; baseline 0.004 -10"><span class='ocrx_word' id='word_1_191' title='bbox 244 3310 423 3381; x_wconf 79' lang='lat' dir='ltr'><strong>minianum</strong></span> <span class='ocrx_word' id='word_1_192' title='bbox 456 3309 563 3380; x_wconf 90' lang='lat' dir='ltr'><strong>eultus</strong></span> <span class='ocrx_word' id='word_1_193' title='bbox 587 3309 639 3382; x_wconf 86' lang='lat' dir='ltr'><strong>vel</strong></span> <span class='ocrx_word' id='word_1_194' title='bbox 655 3311 795 3382; x_wconf 89' lang='lat' dir='ltr'><strong>incultus</strong></span> <span class='ocrx_word' id='word_1_195' title='bbox 812 3319 844 3380; x_wconf 91' lang='lat' dir='ltr'><strong>et</strong></span> <span class='ocrx_word' id='word_1_196' title='bbox 861 3333 936 3382; x_wconf 91' lang='lat' dir='ltr'><strong>enm</strong></span> <span class='ocrx_word' id='word_1_197' title='bbox 954 3309 1123 3382; x_wconf 83' lang='lat' dir='ltr'><strong>erroribus</strong></span> <span class='ocrx_word' id='word_1_198' title='bbox 1146 3312 1318 3384; x_wconf 80' lang='lat' dir='ltr'><strong>fructiferis</strong></span> <span class='ocrx_word' id='word_1_199' title='bbox 1335 3315 1388 3386; x_wconf 83' lang='lat' dir='ltr'><strong>vel</strong></span> <span class='ocrx_word' id='word_1_200' title='bbox 1403 3314 1609 3386; x_wconf 78' lang='lat' dir='ltr'><strong>infructiferis</strong></span> <span class='ocrx_word' id='word_1_201' title='bbox 1633 3326 1666 3390; x_wconf 91' lang='lat' dir='ltr'><strong>et</strong></span> 
     </span>
     <span class='ocr_line' id='line_1_21' title="bbox 243 3433 1665 3528; baseline 0.004 -22"><span class='ocrx_word' id='word_1_202' title='bbox 243 3458 318 3506; x_wconf 85' lang='lat' dir='ltr'><strong>oum</strong></span> <span class='ocrx_word' id='word_1_203' title='bbox 343 3435 490 3528; x_wconf 89' lang='lat' dir='ltr'><strong>portione</strong></span> <span class='ocrx_word' id='word_1_204' title='bbox 514 3459 586 3506; x_wconf 90' lang='lat' dir='ltr'><strong>mea</strong></span> <span class='ocrx_word' id='word_1_205' title='bbox 609 3457 652 3506; x_wconf 83' lang='lat' dir='ltr'><strong>ex</strong></span> <span class='ocrx_word' id='word_1_206' title='bbox 674 3433 744 3528; x_wconf 87' lang='lat' dir='ltr'><strong>ipsa</strong></span> <span class='ocrx_word' id='word_1_207' title='bbox 772 3433 917 3528; x_wconf 83' lang='lat' dir='ltr'><strong>piscbina</strong></span> <span class='ocrx_word' id='word_1_208' title='bbox 945 3435 1041 3507; x_wconf 90' lang='lat' dir='ltr'><strong>etde</strong></span> <span class='ocrx_word' id='word_1_209' title='bbox 1065 3443 1280 3508; x_wconf 79' lang='lat' dir='ltr'><strong>memoratum</strong></span> <span class='ocrx_word' id='word_1_210' title='bbox 1304 3437 1437 3509; x_wconf 91' lang='lat' dir='ltr'><strong>duleum</strong></span> <span class='ocrx_word' id='word_1_211' title='bbox 1469 3439 1566 3510; x_wconf 92' lang='lat' dir='ltr'><strong>simul</strong></span> <span class='ocrx_word' id='word_1_212' title='bbox 1589 3463 1665 3512; x_wconf 88' lang='lat' dir='ltr'><strong>eum</strong></span> 
     </span>
     <span class='ocr_line' id='line_1_22' title="bbox 243 3558 1666 3656; baseline 0.004 -26"><span class='ocrx_word' id='word_1_213' title='bbox 243 3561 390 3632; x_wconf 82' lang='lat' dir='ltr'><strong>introitas</strong></span> <span class='ocrx_word' id='word_1_214' title='bbox 413 3582 526 3632; x_wconf 89' lang='lat' dir='ltr'><strong>earum</strong></span> <span class='ocrx_word' id='word_1_215' title='bbox 561 3559 775 3654; x_wconf 87' lang='lat' dir='ltr'><strong>omnibusque</strong></span> <span class='ocrx_word' id='word_1_216' title='bbox 799 3558 845 3630; x_wconf 89' lang='lat' dir='ltr'><strong>eis</strong></span> <span class='ocrx_word' id='word_1_217' title='bbox 868 3558 1112 3652; x_wconf 82' lang='lat' dir='ltr'><strong>pertinentibus.</strong></span> <span class='ocrx_word' id='word_1_218' title='bbox 1135 3567 1174 3631; x_wconf 94' lang='lat' dir='ltr'><strong>ut</strong></span> <span class='ocrx_word' id='word_1_219' title='bbox 1196 3559 1266 3632; x_wconf 84' lang='lat' dir='ltr'><strong>dixi</strong></span> <span class='ocrx_word' id='word_1_220' title='bbox 1289 3561 1348 3656; x_wconf 95' lang='lat' dir='ltr'><strong>qui</strong></span> <span class='ocrx_word' id='word_1_221' title='bbox 1379 3561 1517 3634; x_wconf 83' lang='lat' dir='ltr'><strong>indivisa</strong></span> <span class='ocrx_word' id='word_1_222' title='bbox 1545 3564 1666 3638; x_wconf 86' lang='lat' dir='ltr'><strong>reiecet</strong></span> 
     </span>
     <span class='ocr_line' id='line_1_23' title="bbox 243 3669 1666 3786; baseline 0.004 -26"><span class='ocrx_word' id='word_1_223' title='bbox 243 3713 317 3760; x_wconf 87' lang='lat' dir='ltr'><strong>oum</strong></span> <span class='ocrx_word' id='word_1_224' title='bbox 341 3669 543 3786; x_wconf 80' lang='lat' dir='ltr'><strong>portionibus</strong></span> <span class='ocrx_word' id='word_1_225' title='bbox 567 3691 606 3760; x_wconf 91' lang='lat' dir='ltr'><strong>de</strong></span> <span class='ocrx_word' id='word_1_226' title='bbox 630 3687 743 3759; x_wconf 84' lang='lat' dir='ltr'><strong>ceteris</strong></span> <span class='ocrx_word' id='word_1_227' title='bbox 777 3689 980 3760; x_wconf 84' lang='lat' dir='ltr'><strong>consortibus</strong></span> <span class='ocrx_word' id='word_1_228' title='bbox 1014 3689 1105 3762; x_wconf 90' lang='lat' dir='ltr'><strong>meis.</strong></span> <span class='ocrx_word' id='word_1_229' title='bbox 1128 3690 1215 3762; x_wconf 89' lang='lat' dir='ltr'><strong>unde</strong></span> <span class='ocrx_word' id='word_1_230' title='bbox 1241 3689 1323 3760; x_wconf 91' lang='lat' dir='ltr'><strong>nibil</strong></span> <span class='ocrx_word' id='word_1_231' title='bbox 1346 3673 1429 3762; x_wconf 91' lang='lat' dir='ltr'><strong>mibi</strong></span> <span class='ocrx_word' id='word_1_232' title='bbox 1465 3691 1582 3764; x_wconf 86' lang='lat' dir='ltr'><strong>exinde</strong></span> <span class='ocrx_word' id='word_1_233' title='bbox 1606 3719 1666 3766; x_wconf 79' lang='lat' dir='ltr'><strong>re·</strong></span> 
     </span>
     <span class='ocr_line' id='line_1_24' title="bbox 247 3795 1668 3912; baseline 0.002 -24"><span class='ocrx_word' id='word_1_234' title='bbox 247 3818 365 3890; x_wconf 81' lang='lat' dir='ltr'><strong>mansit</strong></span> <span class='ocrx_word' id='word_1_235' title='bbox 390 3825 446 3888; x_wconf 89' lang='lat' dir='ltr'><strong>aut</strong></span> <span class='ocrx_word' id='word_1_236' title='bbox 468 3815 630 3889; x_wconf 83' lang='lat' dir='ltr'><strong>reservari</strong></span> <span class='ocrx_word' id='word_1_237' title='bbox 654 3795 769 3888; x_wconf 85' lang='lat' dir='ltr'><strong>setin</strong></span> <span class='ocrx_word' id='word_1_238' title='bbox 793 3815 921 3910; x_wconf 82' lang='lat' dir='ltr'><strong>integro</strong></span> <span class='ocrx_word' id='word_1_239' title='bbox 957 3816 1042 3888; x_wconf 88' lang='lat' dir='ltr'><strong>sicut</strong></span> <span class='ocrx_word' id='word_1_240' title='bbox 1066 3816 1213 3910; x_wconf 89' lang='lat' dir='ltr'><strong>superius</strong></span> <span class='ocrx_word' id='word_1_241' title='bbox 1243 3817 1363 3912; x_wconf 86' lang='lat' dir='ltr'><strong>legitur</strong></span> <span class='ocrx_word' id='word_1_242' title='bbox 1386 3843 1407 3890; x_wconf 89' lang='lat' dir='ltr'><strong>a</strong></span> <span class='ocrx_word' id='word_1_243' title='bbox 1429 3840 1482 3889; x_wconf 92' lang='lat' dir='ltr'><strong>me</strong></span> <span class='ocrx_word' id='word_1_244' title='bbox 1519 3819 1611 3891; x_wconf 87' lang='lat' dir='ltr'><strong>robis</strong></span> <span class='ocrx_word' id='word_1_245' title='bbox 1635 3831 1668 3892; x_wconf 89' lang='lat' dir='ltr'><strong>et</strong></span> 
     </span>
     <span class='ocr_line' id='line_1_25' title="bbox 243 3943 1667 4041; baseline 0.003 -25"><span class='ocrx_word' id='word_1_246' title='bbox 243 3969 301 4041; x_wconf 92' lang='lat' dir='ltr'><strong>per</strong></span> <span class='ocrx_word' id='word_1_247' title='bbox 325 3969 384 4018; x_wconf 79' lang='lat' dir='ltr'><strong>vos</strong></span> <span class='ocrx_word' id='word_1_248' title='bbox 407 3945 442 4017; x_wconf 95' lang='lat' dir='ltr'><strong>in</strong></span> <span class='ocrx_word' id='word_1_249' title='bbox 465 3945 580 4018; x_wconf 90' lang='lat' dir='ltr'><strong>eodem</strong></span> <span class='ocrx_word' id='word_1_250' title='bbox 603 3953 712 4018; x_wconf 77' lang='lat' dir='ltr'><strong>sancto</strong></span> <span class='ocrx_word' id='word_1_251' title='bbox 735 3951 768 4016; x_wconf 90' lang='lat' dir='ltr'><strong>et</strong></span> <span class='ocrx_word' id='word_1_252' title='bbox 791 3943 967 4018; x_wconf 82' lang='lat' dir='ltr'><strong>venerabili</strong></span> <span class='ocrx_word' id='word_1_253' title='bbox 990 3951 1098 4017; x_wconf 83' lang='lat' dir='ltr'><strong>vestro</strong></span> <span class='ocrx_word' id='word_1_254' title='bbox 1121 3946 1316 4019; x_wconf 88' lang='lat' dir='ltr'><strong>monasterio</strong></span> <span class='ocrx_word' id='word_1_255' title='bbox 1337 3947 1378 4018; x_wconf 87' lang='lat' dir='ltr'><strong>sit</strong></span> <span class='ocrx_word' id='word_1_256' title='bbox 1401 3949 1514 4020; x_wconf 83' lang='lat' dir='ltr'><strong>offerta</strong></span> <span class='ocrx_word' id='word_1_257' title='bbox 1538 3957 1570 4020; x_wconf 91' lang='lat' dir='ltr'><strong>et</strong></span> <span class='ocrx_word' id='word_1_258' title='bbox 1593 3959 1667 4020; x_wconf 89' lang='lat' dir='ltr'><strong>tra-</strong></span> 
     </span>
     <span class='ocr_line' id='line_1_26' title="bbox 244 4070 1668 4169; baseline 0 -21"><span class='ocrx_word' id='word_1_259' title='bbox 244 4075 310 4148; x_wconf 89' lang='lat' dir='ltr'><strong>dita</strong></span> <span class='ocrx_word' id='word_1_260' title='bbox 334 4075 370 4144; x_wconf 92' lang='lat' dir='ltr'><strong>in</strong></span> <span class='ocrx_word' id='word_1_261' title='bbox 394 4081 500 4148; x_wconf 80' lang='lat' dir='ltr'><strong>restra</strong></span> <span class='ocrx_word' id='word_1_262' title='bbox 523 4073 725 4169; x_wconf 88' lang='lat' dir='ltr'><strong>posterisque</strong></span> <span class='ocrx_word' id='word_1_263' title='bbox 748 4072 863 4144; x_wconf 86' lang='lat' dir='ltr'><strong>vestris</strong></span> <span class='ocrx_word' id='word_1_264' title='bbox 887 4070 951 4143; x_wconf 93' lang='lat' dir='ltr'><strong>sint</strong></span> <span class='ocrx_word' id='word_1_265' title='bbox 973 4079 1164 4166; x_wconf 81' lang='lat' dir='ltr'><strong>potestatem</strong></span> <span class='ocrx_word' id='word_1_266' title='bbox 1187 4096 1317 4168; x_wconf 87' lang='lat' dir='ltr'><strong>queque</strong></span> <span class='ocrx_word' id='word_1_267' title='bbox 1340 4074 1458 4148; x_wconf 84' lang='lat' dir='ltr'><strong>exinde</strong></span> <span class='ocrx_word' id='word_1_268' title='bbox 1482 4075 1586 4148; x_wconf 89' lang='lat' dir='ltr'><strong>faeere</strong></span> <span class='ocrx_word' id='word_1_269' title='bbox 1601 4099 1668 4148; x_wconf 86' lang='lat' dir='ltr'><strong>vo·</strong></span> 
     </span>
     <span class='ocr_line' id='line_1_27' title="bbox 243 4193 1667 4299; baseline 0.003 -27"><span class='ocrx_word' id='word_1_270' title='bbox 243 4203 385 4275; x_wconf 87' lang='lat' dir='ltr'><strong>lueritis:</strong></span> <span class='ocrx_word' id='word_1_271' title='bbox 412 4193 573 4299; x_wconf 65' lang='lat' dir='ltr'><strong>et&#39;neque</strong></span> <span class='ocrx_word' id='word_1_272' title='bbox 597 4226 617 4272; x_wconf 91' lang='lat' dir='ltr'><strong>a</strong></span> <span class='ocrx_word' id='word_1_273' title='bbox 639 4225 692 4274; x_wconf 90' lang='lat' dir='ltr'><strong>me</strong></span> <span class='ocrx_word' id='word_1_274' title='bbox 717 4207 900 4273; x_wconf 87' lang='lat' dir='ltr'><strong>memorato</strong></span> <span class='ocrx_word' id='word_1_275' title='bbox 919 4201 1072 4294; x_wconf 81' lang='lat' dir='ltr'><strong>gregorio</strong></span> <span class='ocrx_word' id='word_1_276' title='bbox 1095 4224 1171 4272; x_wconf 89' lang='lat' dir='ltr'><strong>eum</strong></span> <span class='ocrx_word' id='word_1_277' title='bbox 1194 4201 1359 4274; x_wconf 82' lang='lat' dir='ltr'><strong>voluntate</strong></span> <span class='ocrx_word' id='word_1_278' title='bbox 1383 4203 1556 4274; x_wconf 90' lang='lat' dir='ltr'><strong>memorati</strong></span> <span class='ocrx_word' id='word_1_279' title='bbox 1579 4201 1667 4276; x_wconf 91' lang='lat' dir='ltr'><strong>leoni</strong></span> 
     </span>
     <span class='ocr_line' id='line_1_28' title="bbox 245 4325 1669 4424; baseline 0.001 -24"><span class='ocrx_word' id='word_1_280' title='bbox 245 4339 277 4400; x_wconf 91' lang='lat' dir='ltr'><strong>et</strong></span> <span class='ocrx_word' id='word_1_281' title='bbox 300 4329 385 4424; x_wconf 88' lang='lat' dir='ltr'><strong>petri</strong></span> <span class='ocrx_word' id='word_1_282' title='bbox 407 4327 481 4400; x_wconf 80' lang='lat' dir='ltr'><strong>filiis</strong></span> <span class='ocrx_word' id='word_1_283' title='bbox 504 4327 584 4400; x_wconf 92' lang='lat' dir='ltr'><strong>meis</strong></span> <span class='ocrx_word' id='word_1_284' title='bbox 605 4351 711 4424; x_wconf 89' lang='lat' dir='ltr'><strong>neque</strong></span> <span class='ocrx_word' id='word_1_285' title='bbox 735 4353 755 4400; x_wconf 84' lang='lat' dir='ltr'><strong>a</strong></span> <span class='ocrx_word' id='word_1_286' title='bbox 777 4327 858 4399; x_wconf 89' lang='lat' dir='ltr'><strong>meis</strong></span> <span class='ocrx_word' id='word_1_287' title='bbox 886 4326 1059 4400; x_wconf 87' lang='lat' dir='ltr'><strong>heredibus</strong></span> <span class='ocrx_word' id='word_1_288' title='bbox 1093 4325 1182 4398; x_wconf 86' lang='lat' dir='ltr'><strong>nullo</strong></span> <span class='ocrx_word' id='word_1_289' title='bbox 1216 4333 1361 4420; x_wconf 92' lang='lat' dir='ltr'><strong>tempore</strong></span> <span class='ocrx_word' id='word_1_290' title='bbox 1392 4351 1572 4422; x_wconf 89' lang='lat' dir='ltr'><strong>numquam</strong></span> <span class='ocrx_word' id='word_1_291' title='bbox 1608 4353 1669 4402; x_wconf 86' lang='lat' dir='ltr'><strong>vos</strong></span> 
     </span>
     <span class='ocr_line' id='line_1_29' title="bbox 244 4445 1670 4548; baseline -0.001 -22"><span class='ocrx_word' id='word_1_292' title='bbox 244 4463 443 4526; x_wconf 87' lang='lat' dir='ltr'><strong>memoratus</strong></span> <span class='ocrx_word' id='word_1_293' title='bbox 471 4445 624 4526; x_wconf 77' lang='lat' dir='ltr'><strong>domnus</strong></span> <span class='ocrx_word' id='word_1_294' title='bbox 655 4453 781 4548; x_wconf 82' lang='lat' dir='ltr'><strong>sergius</strong></span> <span class='ocrx_word' id='word_1_295' title='bbox 810 4453 1003 4526; x_wconf 84' lang='lat' dir='ltr'><strong>venerabilis</strong></span> <span class='ocrx_word' id='word_1_296' title='bbox 1028 4453 1200 4545; x_wconf 76' lang='lat' dir='ltr'><strong>igumenus</strong></span> <span class='ocrx_word' id='word_1_297' title='bbox 1228 4459 1286 4522; x_wconf 90' lang='lat' dir='ltr'><strong>aut</strong></span> <span class='ocrx_word' id='word_1_298' title='bbox 1312 4451 1450 4544; x_wconf 90' lang='lat' dir='ltr'><strong>posteris</strong></span> <span class='ocrx_word' id='word_1_299' title='bbox 1473 4453 1587 4524; x_wconf 80' lang='lat' dir='ltr'><strong>vestris</strong></span> <span class='ocrx_word' id='word_1_300' title='bbox 1610 4479 1670 4526; x_wconf 91' lang='lat' dir='ltr'><strong>nee</strong></span> 
     </span>
     <span class='ocr_line' id='line_1_30' title="bbox 247 4579 1693 4686; baseline -0.001 -30"><span class='ocrx_word' id='word_1_301' title='bbox 247 4593 446 4656; x_wconf 89' lang='lat' dir='ltr'><strong>memoratus</strong></span> <span class='ocrx_word' id='word_1_302' title='bbox 480 4591 608 4656; x_wconf 88' lang='lat' dir='ltr'><strong>sanctus</strong></span> <span class='ocrx_word' id='word_1_303' title='bbox 631 4591 664 4656; x_wconf 90' lang='lat' dir='ltr'><strong>et</strong></span> <span class='ocrx_word' id='word_1_304' title='bbox 686 4581 879 4655; x_wconf 81' lang='lat' dir='ltr'><strong>venerabilis</strong></span> <span class='ocrx_word' id='word_1_305' title='bbox 902 4581 1010 4652; x_wconf 90' lang='lat' dir='ltr'><strong>bester</strong></span> <span class='ocrx_word' id='word_1_306' title='bbox 1044 4579 1257 4652; x_wconf 80' lang='lat' dir='ltr'><strong>monasterius</strong></span> <span class='ocrx_word' id='word_1_307' title='bbox 1293 4579 1382 4674; x_wconf 93' lang='lat' dir='ltr'><strong>quod</strong></span> <span class='ocrx_word' id='word_1_308' title='bbox 1412 4579 1494 4652; x_wconf 85' lang='lat' dir='ltr'><strong>absit</strong></span> <span class='ocrx_word' id='word_1_309' title='bbox 1528 4581 1693 4686; x_wconf 22' lang='lat' dir='ltr'><strong>babeatis.</strong></span> 
     </span>
     <span class='ocr_line' id='line_1_31' title="bbox 248 4701 1671 4806; baseline 0 -22"><span class='ocrx_word' id='word_1_310' title='bbox 248 4711 366 4784; x_wconf 84' lang='lat' dir='ltr'><strong>exinde</strong></span> <span class='ocrx_word' id='word_1_311' title='bbox 389 4710 561 4805; x_wconf 87' lang='lat' dir='ltr'><strong>aliquando</strong></span> <span class='ocrx_word' id='word_1_312' title='bbox 585 4701 791 4806; x_wconf 88' lang='lat' dir='ltr'><strong>quacumque</strong></span> <span class='ocrx_word' id='word_1_313' title='bbox 814 4707 1058 4804; x_wconf 86' lang='lat' dir='ltr'><strong>requisitionem</strong></span> <span class='ocrx_word' id='word_1_314' title='bbox 1082 4716 1138 4779; x_wconf 89' lang='lat' dir='ltr'><strong>aut</strong></span> <span class='ocrx_word' id='word_1_315' title='bbox 1153 4705 1298 4778; x_wconf 86' lang='lat' dir='ltr'><strong>molestia</strong></span> <span class='ocrx_word' id='word_1_316' title='bbox 1315 4731 1374 4803; x_wconf 91' lang='lat' dir='ltr'><strong>per</strong></span> <span class='ocrx_word' id='word_1_317' title='bbox 1389 4707 1516 4782; x_wconf 92' lang='lat' dir='ltr'><strong>nullum</strong></span> <span class='ocrx_word' id='word_1_318' title='bbox 1534 4712 1671 4784; x_wconf 92' lang='lat' dir='ltr'><strong>modum</strong></span> 
     </span>
     <span class='ocr_line' id='line_1_32' title="bbox 245 4835 1671 4934; baseline -0.001 -22"><span class='ocrx_word' id='word_1_319' title='bbox 245 4865 305 4912; x_wconf 89' lang='lat' dir='ltr'><strong>nee</strong></span> <span class='ocrx_word' id='word_1_320' title='bbox 337 4863 395 4934; x_wconf 94' lang='lat' dir='ltr'><strong>per</strong></span> <span class='ocrx_word' id='word_1_321' title='bbox 424 4840 602 4912; x_wconf 85' lang='lat' dir='ltr'><strong>summissis</strong></span> <span class='ocrx_word' id='word_1_322' title='bbox 632 4837 778 4934; x_wconf 88' lang='lat' dir='ltr'><strong>personis</strong></span> <span class='ocrx_word' id='word_1_323' title='bbox 799 4837 843 4910; x_wconf 84' lang='lat' dir='ltr'><strong>be</strong></span> <span class='ocrx_word' id='word_1_324' title='bbox 865 4860 952 4908; x_wconf 90' lang='lat' dir='ltr'><strong>nune</strong></span> <span class='ocrx_word' id='word_1_325' title='bbox 975 4845 1008 4908; x_wconf 92' lang='lat' dir='ltr'><strong>et</strong></span> <span class='ocrx_word' id='word_1_326' title='bbox 1031 4835 1239 4930; x_wconf 88' lang='lat' dir='ltr'><strong>imperpetuis</strong></span> <span class='ocrx_word' id='word_1_327' title='bbox 1270 4837 1481 4932; x_wconf 86' lang='lat' dir='ltr'><strong>temporibus.</strong></span> <span class='ocrx_word' id='word_1_328' title='bbox 1508 4864 1548 4912; x_wconf 91' lang='lat' dir='ltr'><strong>eo</strong></span> <span class='ocrx_word' id='word_1_329' title='bbox 1581 4841 1671 4934; x_wconf 89' lang='lat' dir='ltr'><strong>quod</strong></span> 
     </span>
     <span class='ocr_line' id='line_1_33' title="bbox 245 4961 1670 5062; baseline 0 -26"><span class='ocrx_word' id='word_1_330' title='bbox 245 4967 369 5040; x_wconf 92' lang='lat' dir='ltr'><strong>nomini</strong></span> <span class='ocrx_word' id='word_1_331' title='bbox 393 4989 467 5040; x_wconf 88' lang='lat' dir='ltr'><strong>meo</strong></span> <span class='ocrx_word' id='word_1_332' title='bbox 490 4965 630 5041; x_wconf 85' lang='lat' dir='ltr'><strong>seribere</strong></span> <span class='ocrx_word' id='word_1_333' title='bbox 653 4963 775 5062; x_wconf 78' lang='lat' dir='ltr'><strong>dignati</strong></span> <span class='ocrx_word' id='word_1_334' title='bbox 799 4963 875 5038; x_wconf 85' lang='lat' dir='ltr'><strong>estis</strong></span> <span class='ocrx_word' id='word_1_335' title='bbox 897 4961 934 5036; x_wconf 91' lang='lat' dir='ltr'><strong>in</strong></span> <span class='ocrx_word' id='word_1_336' title='bbox 956 4983 1048 5036; x_wconf 90' lang='lat' dir='ltr'><strong>sacro</strong></span> <span class='ocrx_word' id='word_1_337' title='bbox 1072 4963 1218 5062; x_wconf 83' lang='lat' dir='ltr'><strong>dyptieos</strong></span> <span class='ocrx_word' id='word_1_338' title='bbox 1241 4973 1378 5038; x_wconf 82' lang='lat' dir='ltr'><strong>vestros.</strong></span> <span class='ocrx_word' id='word_1_339' title='bbox 1399 4965 1435 5036; x_wconf 92' lang='lat' dir='ltr'><strong>in</strong></span> <span class='ocrx_word' id='word_1_340' title='bbox 1451 4988 1582 5040; x_wconf 90' lang='lat' dir='ltr'><strong>omnem</strong></span> <span class='ocrx_word' id='word_1_341' title='bbox 1607 4965 1670 5036; x_wconf 88' lang='lat' dir='ltr'><strong>de-</strong></span> 
     </span>
    </p>
   </div>
   <div class='ocr_carea' id='block_1_4' title="bbox 0 0 2461 6532">
    <p class='ocr_par' dir='ltr' id='par_1_4' title="bbox 0 0 2461 6532">
     <span class='ocr_line' id='line_1_34' title="bbox 0 0 2461 6532; baseline 0 0"><span class='ocrx_word' id='word_1_342' title='bbox 0 0 2461 6532; x_wconf 95' lang='lat' dir='ltr'><strong> </strong></span> 
     </span>
    </p>
   </div>
  </div>
 </body>
</html>
