4900 6528
353 1228 385 1324 †
400 1228 586 1300 innomine
602 1221 729 1296 domini
742 1220 796 1292 dei
809 1215 981 1290 salvatoris
992 1215 1099 1288 nostri
1112 1213 1209 1288 ihesu
1222 1213 1544 1309 chrisumperante
1559 1220 1692 1294 domino
1763 1233 1817 1284 ³1¹·

257 1365 375 1430 nostro
397 1352 511 1424 basilio
545 1345 777 1444 porfirogenito
805 1363 924 1438 magno
956 1341 1155 1435 Imperatore
1189 1365 1275 1415 anno
1306 1339 1551 1436 quintodecimo
1574 1351 1632 1418 sed
1656 1356 1688 1418 et
1739 1344 1826 1408 974.

263 1481 464 1557 consentino
486 1499 605 1572 magno
628 1476 822 1570 imperatore
846 1495 931 1544 anno
954 1471 1146 1544 duodecimo
1167 1481 1200 1543 et
1220 1471 1375 1546 iohannes
1399 1497 1519 1570 magno
1542 1475 1688 1572 impera·
1715 1541 1719 1554 .

264 1623 335 1684 tore
359 1631 444 1713 anno
468 1605 584 1704 quinto
606 1603 658 1677 die
673 1600 890 1675 teruadeeima
913 1598 1032 1673 mensis
1048 1599 1220 1672 decembrii
1241 1599 1415 1673 indictione
1431 1605 1524 1676 tertia
1540 1604 1685 1702 neapoli:

263 1737 396 1810 Certum
420 1739 467 1806 est
486 1754 543 1804 me
565 1737 693 1826 petmm
716 1727 821 1800 fllium
845 1724 1010 1822 quondam
1034 1723 1156 1796 domini
1180 1723 1280 1818 sergii
1303 1723 1463 1798 monaehi.
1492 1728 1522 1798 Α
1546 1733 1686 1824 presenti

265 1864 318 1936 die
341 1859 555 1958 promtissime
586 1857 773 1933 volumtate.
808 1853 998 1928 venundedi
1028 1864 1060 1926 et
1082 1853 1199 1926 tradidi
1223 1851 1316 1927 vobis
1338 1853 1527 1930 iohanniet
1559 1858 1686 1932 marino

264 1986 399 2060 uterinis
421 1983 581 2082 germanis
604 1981 711 2054 meist
736 1982 820 2055 ldest
842 1979 968 2076 integre
992 1979 1141 2073 portione
1165 2003 1236 2052 mea
1260 1982 1301 2054 de
1324 1983 1426 2055 casale
1449 1985 1507 2080 qni
1533 1985 1687 2058 nomina-

264 2127 318 2188 tur
341 2123 523 2188 maternum
547 2112 606 2209 qui
630 2125 664 2187 at
683 2111 802 2184 lamma
830 2109 949 2186 dieitur
972 2109 1074 2205 positu
1098 2109 1133 2179 in
1156 2119 1265 2182 monte
1290 2111 1500 2207 pausilipense
1524 2135 1599 2188 oum
1623 2137 1681 2184 ar·

261 2243 397 2316 roribus
418 2239 592 2316 fructiferis
614 2239 673 2337 qui
695 2239 778 2313 mibi
800 2237 939 2335 pertinet
953 2257 1012 2333 per
1027 2235 1192 2333 quondam
1215 2246 1393 2310 memorato
1416 2239 1549 2310 domino
1580 2243 1687 2334 sergio

260 2367 401 2460 genitori
424 2387 498 2438 meo
521 2373 554 2438 et
570 2365 721 2436 indivisas
735 2365 875 2436 reiacent
891 2385 966 2436 oum
983 2363 1123 2461 reliquas
1138 2363 1301 2458 portiones
1316 2373 1421 2439 vestre
1438 2366 1523 2438 etde
1554 2365 1686 2438 heredes

261 2489 425 2586 quondam
449 2485 671 2559 theodonanda
695 2507 847 2580 germana
870 2496 979 2560 nosue
998 2513 1097 2584 quem
1119 2487 1179 2560 bos
1199 2487 1268 2584 ipsu
1289 2489 1397 2583 portio
1418 2489 1518 2584 ipsium
1534 2513 1687 2586 germane

259 2623 369 2685 nostre
392 2619 590 2706 comparatas
614 2607 731 2684 abetis:
749 2609 891 2704 leuper
905 2612 1087 2682 venundedi
1110 2611 1204 2684 vobis
1220 2623 1253 2683 et
1266 2614 1415 2706 portione
1432 2637 1504 2686 mea
1524 2615 1616 2709 quod
1640 2623 1688 2686 est

260 2763 325 2812 una
340 2737 458 2834 petiola
476 2740 515 2810 de
531 2747 616 2810 terra
632 2761 698 2834 que
712 2736 818 2832 pergit
832 2759 930 2833 super
945 2759 1029 2834 aqua
1046 2738 1087 2809 de
1102 2737 1274 2812 duliolum.
1295 2744 1363 2814 Una
1379 2765 1455 2815 eum
1473 2743 1641 2814 arvoribus
1658 2753 1691 2814 et

258 2881 433 2968 utrasque:
451 2891 527 2940 aum
543 2867 688 2939 introitus
703 2889 776 2940 suas
791 2877 823 2940 et
838 2866 989 2940 omnibus
1004 2867 1065 2939 sivi
1080 2869 1311 2962 pertinentibus
1326 2874 1504 2965 pertinente
1521 2873 1601 2944 mibi
1618 2873 1688 2966 ipsa

256 3001 379 3093 petiole
391 3001 432 3072 de
446 3005 624 3070 memorata
639 3007 724 3068 terra
740 3019 799 3092 per
814 2997 946 3092 quidem
972 2995 1103 3069 domina
1119 3018 1214 3067 maru
1228 2999 1391 3092 genitricis
1411 3007 1519 3070 nostre
1534 3009 1566 3070 et
1581 3023 1634 3072 me
1655 3002 1689 3068 in

256 3137 347 3200 sorte
369 3123 475 3219 tetigit
491 3123 531 3194 ab
546 3148 584 3195 ea
601 3131 633 3196 et
648 3147 667 3192 a
683 3121 742 3194 bos
758 3121 855 3216 ipsis=
882 3131 916 3194 et
939 3121 1012 3194 abet
1035 3123 1107 3194 finis
1131 3145 1150 3192 a
1174 3135 1263 3217 parte
1287 3122 1420 3197 orientis
1444 3135 1529 3196 terra
1553 3125 1687 3198 heredes

254 3253 424 3347 quondam
435 3250 557 3322 domini
573 3249 670 3344 sergii
685 3247 747 3320 thii
763 3247 863 3320 nostri
880 3259 913 3320 et
929 3259 1014 3320 terra
1028 3247 1151 3321 domini
1167 3248 1309 3344 gregorii
1324 3249 1385 3320 tbii
1400 3251 1501 3322 nostri
1516 3260 1549 3323 et
1565 3264 1689 3346 aparte

253 3379 494 3472 septemtrionis
508 3388 593 3450 terra
607 3384 714 3448 vestra
738 3375 796 3470 qni
810 3397 869 3447 vos
885 3375 918 3448 in
935 3388 1019 3448 sorte
1038 3375 1145 3468 tetigit
1161 3385 1193 3446 et
1211 3399 1230 3445 a
1245 3385 1336 3470 parte
1351 3375 1525 3448 occidentis
1541 3379 1688 3452 similiter

256 3521 344 3580 terra
362 3517 465 3579 vestra
484 3507 542 3602 qui
558 3529 617 3577 vos
633 3503 739 3598 tetigit
748 3513 780 3578 et
795 3503 830 3574 in
847 3501 1048 3597 aliquantum
1064 3513 1112 3575 est
1128 3505 1182 3576 ria
1198 3501 1256 3600 qui
1271 3507 1432 3580 deseendit
1449 3531 1466 3576 a
1482 3503 1534 3574 bia
1549 3505 1687 3598 publica.
1706 3551 1708 3555 -

260 3645 293 3704 et
317 3659 336 3704 a
359 3643 449 3727 parte
472 3632 647 3706 meridiam
670 3643 756 3704 terra
784 3627 941 3724 portionis
956 3629 1016 3725 qui
1041 3627 1146 3723 tetigit
1170 3631 1340 3702 memorati
1372 3631 1505 3704 heredes
1538 3632 1687 3706 iamdicto

259 3760 483 3834 theodonande
517 3759 585 3834 tbie
613 3767 735 3830 nosue
771 3757 863 3830 Unde
888 3755 968 3827 nihii
992 3755 1074 3830 mihi
1097 3781 1139 3830 ex
1163 3757 1313 3830 omnibus
1343 3759 1528 3831 memoratis
1556 3759 1687 3854 aliquod

259 3884 412 3958 remansit
436 3891 492 3954 aut
514 3881 764 3955 reservavimus:
782 3891 814 3952 et
829 3905 847 3952 n
861 3881 1000 3975 presenti
1015 3881 1067 3954 die
1090 3891 1123 3954 et
1139 3882 1288 3978 deinceps
1311 3885 1530 3978 prenominata
1555 3907 1687 3956 memo·

258 4022 328 4082 rata
342 4009 465 4104 integra
482 4005 629 4103 portione
652 4029 724 4078 mea
741 4007 782 4079 de
800 4015 983 4078 memoratu
997 4005 1100 4080 cosule
1116 4007 1157 4079 de
1176 4016 1324 4078 maternu
1339 4007 1440 4101 posits
1457 4007 1491 4076 in
1506 4019 1687 4082 memorato

257 4147 369 4210 monte
383 4136 593 4232 pausiiipense
619 4143 651 4206 et
673 4133 895 4229 prenominata
909 4143 1088 4206 memorata
1103 4135 1228 4230 integra
1243 4137 1360 4230 petioia
1376 4159 1448 4210 mes
1465 4137 1505 4208 de
1521 4142 1608 4209 terra
1624 4161 1689 4232 qne

257 4267 391 4360 ponitur
405 4287 502 4359 super
518 4285 601 4360 aqua
614 4263 655 4335 de
668 4261 826 4333 duliolum
840 4260 935 4332 sicuti
950 4285 1009 4356 per
1021 4271 1199 4334 memorate
1220 4261 1404 4336 coherentie
1417 4263 1565 4337 circuibi.
1582 4273 1690 4338 utras·

258 4417 323 4490 que
338 4416 414 4466 cum
427 4391 595 4464 arboribus
608 4388 779 4463 iruetiieris
795 4397 918 4462 etcum
932 4389 1079 4461 introitus
1086 4413 1160 4466 suas
1176 4401 1209 4465 et
1222 4391 1372 4465 omnibus
1383 4391 1445 4462 sivi
1458 4393 1692 4484 pertinentibus

258 4545 345 4596 ame
360 4521 451 4593 robis
473 4519 670 4640 vennqdntas
686 4523 720 4589 et
734 4517 867 4588 traditos
880 4517 915 4587 in
931 4525 1037 4589 vestra
1059 4517 1238 4611 vestrisque
1260 4515 1432 4590 heredibus
1450 4516 1514 4588 sint
1534 4527 1692 4612 potestate

260 4671 389 4745 queque
413 4649 529 4720 exinde
553 4647 657 4716 faeere
670 4641 857 4717 volueritis:
878 4649 910 4714 et
923 4663 1029 4738 neque
1046 4668 1066 4715 a
1081 4655 1328 4719 mememorato
1340 4655 1433 4742 petro
1448 4669 1554 4744 neque
1571 4673 1590 4718 a
1607 4651 1692 4722 meis

261 4773 432 4850 heredibus
454 4795 515 4848 nee
531 4773 657 4845 anobis
680 4769 825 4866 personis
848 4771 1025 4844 summissis
1041 4769 1132 4844 nulio
1155 4781 1301 4869 tempore
1325 4797 1504 4871 numquam
1534 4798 1593 4848 vos
1617 4800 1692 4852 me·

261 4898 379 4971 morati
401 4895 553 4969 iohannes
575 4903 609 4968 et
630 4893 748 4966 marini
771 4893 890 4966 uterini
913 4894 1058 4990 germani
1075 4897 1140 4968 mei
1164 4919 1224 4968 nee
1248 4899 1362 4971 vestris
1378 4897 1549 4972 heredibus
1573 4899 1692 4974 abeatis

264 5029 379 5102 exinde
402 5026 545 5124 qualibet
575 5026 785 5124 requisitione
809 5037 865 5100 aut
887 5027 1031 5102 molestia
1055 5052 1113 5125 per
1136 5031 1263 5106 nullum
1286 5033 1421 5107 modum
1448 5035 1689 5134 inperpetuum.
