4854 6528
1368 676 1514 769 (css)

1371 897 1514 1032 mna

610 1236 666 1283 an.
832 1210 863 1306 †
886 1213 923 1282 ln
946 1211 1075 1283 nomine
1099 1211 1223 1283 domini
1247 1211 1299 1283 dei
1321 1210 1488 1282 salvatoris
1512 1208 1613 1280 'nostri
1630 1209 1723 1280 lhesu
1747 1205 1866 1278 Christi
1888 1200 2070 1302 lurpeiants
2093 1210 2158 1280 do-

597 1350 682 1410 967.
740 1338 829 1410 mino
852 1347 962 1410 nostro
984 1336 1097 1408 basilio
1113 1359 1231 1428 magno
1254 1337 1449 1426 Imperatore
1465 1355 1549 1405 anno
1563 1333 1707 1424 septimo
1723 1331 1779 1402 sed
1792 1339 1825 1402 et
1838 1328 2009 1424 niciphoro
2025 1341 2058 1404 ot
2073 1354 2159 1402 oon-

740 1467 877 1537 stantino
901 1463 1024 1556 magnis
1047 1458 1295 1552 lruperatoribus
1318 1481 1403 1530 anno
1426 1469 1552 1552 quarto.
1567 1458 1628 1529 Die
1644 1457 1796 1530 vicesima
1812 1467 1902 1529 sexta
1917 1456 2034 1529 mensis
2058 1457 2159 1550 magii

741 1595 913 1668 indictione
939 1590 1062 1660 decima
1075 1588 1210 1680 neapoli.
1225 1588 1357 1658 Certum
1380 1597 1427 1660 est
1451 1611 1503 1659 me
1526 1587 1698 1658 iohannem
1714 1588 1816 1658 filium
1832 1588 1995 1680 quondam
2012 1586 2110 1679 sergii
2127 1595 2160 1658 et

743 1720 903 1816 quondam
926 1713 1046 1786 mariae
1070 1715 1201 1786 honeste
1221 1715 1340 1787 femine
1356 1715 1514 1810 iugalium
1537 1736 1756 1809 personarum.
1774 1716 1803 1784 Δ
1820 1714 1958 1808 presenti
1974 1713 2028 1784 die
2041 1735 2160 1806 prom-

743 1847 861 1916 tissima
875 1842 1049 1913 volumtate
1064 1843 1242 1914 venundedi
1257 1851 1289 1913 et
1304 1844 1421 1916 tradidi
1435 1844 1528 1915 vobis
1543 1844 1676 1916 domino
1691 1845 1797 1938 sergio
1812 1841 1987 1915 venerabili
2003 1841 2158 1934 igumeno

743 1971 926 2044 monasterii
949 1978 1133 2040 sanctorum
1156 1970 1252 2062 sergii
1275 1978 1308 2041 et
1330 1969 1425 2040 bachi
1449 1972 1507 2066 qui
1530 1995 1617 2043 nunc
1639 1982 1850 2066 congregatus
1867 1994 1900 2041 es
1916 1971 1950 2040 in
1965 1968 2159 2040 monasterio

743 2102 911 2172 beatorum
935 2096 1083 2168 theodori
1106 2105 1140 2166 et
1162 2097 1333 2168 sebastiani
1354 2099 1413 2192 qui
1437 2099 1615 2194 appellatur
1637 2101 1793 2194 casapicta
1817 2101 1914 2170 situm
1938 2099 1972 2168 in
1989 2097 2154 2168 viridario.

744 2231 834 2300 lDest
857 2227 983 2320 integra
1006 2223 1132 2296 modica
1154 2224 1272 2294 terrula
1298 2249 1369 2296 meu
1393 2226 1453 2298 sita
1477 2229 1518 2300 ad
1540 2227 1599 2299 illu
1621 2227 1802 2298 holibetum
1825 2239 1970 2300 vestrum
1998 2224 2087 2318 quod
2109 2230 2157 2294 est

746 2352 787 2422 ad
810 2350 964 2420 nonnaria
988 2347 1151 2418 territorio
1174 2346 1337 2440 plegiense
1359 2373 1424 2420 una
1447 2373 1523 2421 cum
1545 2350 1663 2424 holibis
1678 2351 1851 2422 fructiferis
1875 2349 1927 2420 vel
1953 2347 2159 2419 infructiferis

745 2473 843 2546 simul
865 2495 941 2542 cum
964 2471 1133 2540 introitum
1155 2493 1252 2540 suum
1275 2471 1501 2568 omnibusque.
1526 2473 1589 2544 sivi
1612 2473 1802 2566 generaliter
1817 2470 2060 2566 pertinentibus.
2081 2493 2165 2564 per-v

746 2600 866 2670 tinente
889 2619 969 2668 vero
991 2595 1073 2666 mihi
1106 2595 1222 2670 exinde
1246 2619 1303 2668 sex
1326 2597 1436 2669 uncias
1459 2619 1520 2692 pro
1543 2597 1691 2690 portione
1715 2619 1786 2668 mea
1810 2607 1843 2670 et
1866 2597 1943 2666 alias
1968 2619 2026 2668 sex
2050 2596 2160 2666 uncias

748 2725 864 2814 exindo
893 2730 1015 2816 emptas
1037 2720 1142 2793 haheo
1166 2747 1186 2792 a
1208 2723 1372 2818 quondam
1394 2725 1544 2817 gregoria
1567 2747 1721 2818 germana
1746 2746 1828 2794 mea.
1855 2723 2034 2793 Coherente
2057 2722 2118 2792 sivi
2142 2745 2160 2792 a

748 2849 875 2922 duobus
910 2845 1062 2920 lateribus
1094 2856 1126 2919 et
1150 2849 1190 2920 de
1218 2847 1344 2920 duobus
1377 2848 1536 2943 capitibus
1558 2857 1773 2918 memoratum
1797 2846 1976 2919 holibetum
2005 2847 2159 2919 bostrum.

749 2977 799 3049 De
823 2999 889 3070 qua
911 2973 994 3046 nihil
1016 2975 1097 3046 mihi
1120 2976 1206 3046 intus
1229 2983 1421 3046 memoratas
1453 2975 1654 3046 coherentias
1690 2974 1821 3068 aliquod
1855 2973 2007 3046 remansit
2030 2983 2086 3043 aut
2108 2997 2164 3046 re·

750 3103 877 3176 servavi
899 3126 959 3175 nec
981 3104 1016 3174 in
1040 3103 1141 3174 aliena
1164 3125 1300 3198 persona
1323 3102 1470 3208 opmmisi
1493 3109 1693 3197 potestatem.
1716 3103 1764 3172 lta
1787 3111 1824 3172 ut
1846 3101 1889 3170 ha
1911 3111 2046 3172 nuncet
2070 3100 2166 3170 dein-

751 3257 824 3328 ceps
848 3241 1023 3304 memorata
1046 3234 1171 3327 integra
1194 3231 1320 3302 modica
1343 3229 1462 3303 terrula
1485 3252 1558 3301 mea
1591 3229 1653 3300 sita
1687 3227 1767 3300 bero
1793 3229 1833 3300 ad
1860 3229 1966 3322 ipsum
1989 3227 2166 3300 holibetum

751 3367 893 3428 vestrum
916 3360 1003 3452 quod
1027 3364 1075 3430 est
1098 3359 1139 3429 ad
1162 3357 1317 3428 nonnaria
1340 3374 1405 3427 una
1428 3379 1504 3428 cum
1534 3353 1652 3425 holibis
1683 3354 1854 3427 fructiferis
1878 3355 1930 3426 vel
1960 3353 2168 3426 infructiferis

751 3483 846 3556 simul
868 3506 944 3556 cum
966 3485 1135 3557 introitum
1158 3507 1253 3554 suum
1278 3483 1502 3578 omnibusque.
1526 3481 1588 3554 sivi
1610 3483 1851 3576 pertinentibus.
1874 3483 1960 3554 unde
1983 3481 2065 3554 nihil
2088 3481 2169 3554 milai

752 3609 867 3682 exinde
890 3609 1044 3682 remansit
1067 3619 1123 3679 aut
1146 3607 1307 3680 reserbavi
1331 3617 1489 3703 quatenus
1513 3629 1571 3702 per
1593 3617 1785 3682 memoratas
1800 3608 2000 3682 coherentias
2014 3607 2106 3680 vobis
2128 3633 2166 3681 ea

751 3731 910 3804 insinuavi
932 3742 982 3804 set
1003 3733 1038 3804 in
1061 3731 1189 3824 integro
1212 3731 1296 3803 sicut
1317 3732 1465 3826 superius
1497 3731 1616 3826 legitur
1645 3759 1665 3804 a
1694 3755 1748 3805 me
1777 3731 1871 3806 vobis
1900 3733 1942 3804 sit
1973 3733 2167 3806 venumdata

752 3865 785 3926 et
807 3857 922 3928 tradita
944 3858 979 3928 in
1003 3867 1110 3929 vestra
1133 3855 1334 3951 posterisque
1357 3857 1471 3928 vestris
1494 3858 1558 3930 sint
1580 3865 1769 3954 potestatem
1792 3859 1951 3954 quidquid
1975 3860 2090 3930 exinde
2109 3861 2170 3930 fa-

753 4003 826 4051 cere
851 3981 1018 4054 volueritis
1040 4006 1167 4078 semper
1188 3982 1324 4054 liberam
1354 3981 1497 4055 habeatis
1520 3993 1709 4078 potestatem
1733 3995 1766 4058 et
1789 4010 1894 4083 neque
1917 4011 1937 4056 a
1960 4009 2013 4058 me
2037 4009 2167 4058 memo-

753 4113 824 4176 rato
847 4105 986 4178 iohanne
1009 4130 1116 4202 neque
1140 4132 1159 4176 a
1182 4107 1262 4178 meis
1285 4107 1457 4180 heredibus
1480 4108 1571 4178 nullo
1596 4117 1741 4202 tempore
1764 4133 1942 4204 numquam
1967 4134 2026 4182 vos
2041 4135 2163 4184 momo-

754 4240 842 4301 ratus
866 4231 1017 4303 dominus
1038 4233 1162 4327 sergius
1186 4235 1376 4308 venerabilis
1399 4233 1571 4327 igumenus
1595 4241 1651 4304 aut
1673 4235 1809 4326 posteris
1832 4237 1946 4308 vestris
1971 4239 2060 4331 quod
2084 4237 2166 4309 absit

753 4355 895 4431 habeatis
919 4360 1035 4433 exinde
1060 4361 1232 4458 aliquando
1255 4381 1462 4457 quacumque
1489 4355 1733 4453 requisitionem
1756 4369 1812 4430 aut
1834 4363 1981 4434 molestia
2004 4388 2063 4458 per
2087 4364 2167 4456 nul-

754 4483 822 4558 lum
844 4489 978 4563 modum
1000 4513 1060 4563 nec
1083 4514 1141 4586 per
1164 4485 1339 4563 summissis
1362 4482 1506 4578 personis
1522 4483 1565 4556 ha
1580 4507 1666 4556 nunc
1683 4495 1715 4558 et
1731 4485 2165 4584 imperpetuimemporihus

753 4614 886 4709 Insuper
908 4619 997 4690 omni
1021 4633 1166 4714 tempore
1189 4637 1251 4708 ego
1273 4621 1306 4684 et
1328 4609 1462 4685 heredes
1484 4611 1565 4684 meis
1580 4611 1673 4684 vobis
1687 4613 1900 4710 posterisque.
1921 4617 2035 4688 vestris
2051 4619 2166 4692 exinde

754 4741 794 4810 ab
816 4745 922 4818 omnis
945 4747 1093 4820 homines
1116 4743 1273 4837 omnique
1294 4762 1432 4834 persona
1454 4738 1490 4810 in
1512 4737 1662 4814 ommlrus
1685 4749 1842 4814 antestare
1858 4751 1890 4812 et
1906 4742 2070 4815 defensare
2082 4767 2167 4838 pro-

753 4867 924 4945 mittimus.
950 4897 1011 4969 pro
1034 4897 1074 4947 eo
1098 4869 1187 4968 quod
1209 4865 1318 4959 accepi
1342 4889 1362 4936 a
1384 4862 1476 4938 vobis
1498 4864 1615 4936 exinde
1639 4863 1824 4956 impresenti
1839 4865 1922 4938 idest
1937 4868 2009 4941 auri
2025 4871 2086 4940 tari
2103 4879 2167 4943 tres

750 4995 882 5094 imuper
904 5002 1029 5073 nomini
1051 5023 1125 5071 meo
1149 5004 1182 5070 et
1205 5001 1382 5066 memorate
1414 4989 1562 5084 genitrici
1592 5011 1683 5061 meae
1719 4990 1859 5063 seribere
1895 4993 2018 5088 dignati
2040 4997 2114 5067 estis
2138 4995 2172 5069 iu
