4854 6528
930 595 1074 691 (ιω)

944 873 1053 948 CXXI.

379 1129 411 1228 †
433 1133 471 1204 lu
485 1127 618 1204 nomine
633 1129 762 1202 domini
771 1128 825 1202 dei
835 1127 1005 1202 salvatoris
1021 1130 1125 1202 nostri
1139 1131 1235 1204 ihesu
1248 1127 1369 1204 Christi
1383 1134 1563 1228 imperante
1579 1139 1713 1212 domiuo
1778 1183 1835 1231 an,
1882 1195 1883 1198 ,

289 1269 400 1335 nostro
423 1257 537 1332 basilio
559 1279 679 1352 magno
702 1257 898 1351 Imperatore
920 1279 1006 1330 anno
1028 1265 1142 1330 sexto:
1161 1260 1218 1332 sed
1241 1270 1274 1332 et
1296 1259 1445 1332 niciforio
1460 1271 1493 1333 et
1506 1269 1705 1338 commotius
1764 1297 1850 1358 966.

288 1385 414 1483 magnis
437 1381 687 1478 imperatoribus
709 1403 795 1456 anno
818 1381 936 1454 tertio:
966 1379 1019 1458 dis
1042 1381 1195 1458 vicesima
1222 1393 1313 1459 sexta
1346 1386 1465 1458 mensis
1488 1387 1599 1458 martii
1619 1391 1711 1464 indi·-

288 1511 393 1585 ctiona
415 1530 504 1582 none
526 1505 665 1603 neapoli:
692 1506 824 1582 Certum
839 1519 888 1580 est
901 1530 962 1582 nos
976 1506 1120 1602 sergium
1143 1509 1278 1582 emilam
1302 1531 1503 1605 ygumenum
1525 1516 1712 1587 monasterii

286 1647 473 1711 sanctorum
494 1633 592 1728 sergii
616 1642 651 1706 et
673 1631 769 1706 ba'chi
793 1657 893 1730 esque
915 1633 1063 1716 theodori
1087 1645 1120 1708 et
1142 1635 1311 1710 sebastiani
1334 1636 1392 1733 qui
1411 1637 1596 1712 nominatur
1619 1665 1711 1715 easa-

291 1772 377 1867 picta
399 1771 498 1844 situm
521 1769 557 1842 in
570 1767 794 1843 buridiarium
812 1791 878 1842 una
894 1789 970 1842 sum
985 1775 1082 1843 cunta
1105 1767 1354 1864 congregatione
1377 1769 1611 1844 monachorum
1635 1795 1712 1846 me·
1780 1843 1782 1847 ,

286 1895 405 1970 morati
427 1895 528 1972 anati
551 1903 585 1968 et
608 1893 802 1968 venerabilis
824 1897 928 1968 nostri
960 1893 1168 1970 monasterii:
1203 1895 1233 1966 Α
1256 1894 1396 1988 presenti
1420 1895 1472 1967 die
1495 1899 1709 1990 promtissima

286 2021 453 2096 voluntate
476 2021 631 2096 casinus
655 2027 688 2092 et
710 2018 903 2094 tradidimus
926 2018 986 2090 tibi
1008 2029 1104 2114 petro
1138 2015 1208 2088 tilio
1230 2019 1394 2112 quondam
1429 2020 1554 2092 domini
1584 2023 1709 2096 basilii:

287 2149 373 2224 idest
395 2149 521 2243 integra
545 2150 679 2224 mmum
706 2149 766 2244 qui
790 2149 853 2222 tuit
875 2149 1042 2244 quondam
1065 2147 1165 2218 drosu
1181 2145 1234 2217 cui
1252 2169 1350 2240 supra
1364 2169 1483 2221 nomen
1497 2170 1620 2222 somma
1644 2153 1712 2224 thia

268 2255 345 2350 'tua
367 2275 433 2350 fitia
456 2277 621 2372 quondam
645 2275 769 2350 domini
792 2276 880 2347 leoni
902 2275 992 2348 hahii
1015 2275 1066 2348 tui
1095 2275 1199 2370 posita
1230 2275 1265 2345 in
1293 2299 1351 2347 ano
1375 2277 1505 2352 civitate
1529 2280 1656 2375 neapoli
1678 2283 1713 2352 in

289 2405 364 2479 vieo
388 2405 447 2500 qui
460 2403 647 2476 nominatur
671 2403 863 2496 deposulum
875 2403 934 2496 qui
949 2412 983 2476 et
999 2401 1192 2474 armentario
1216 2401 1334 2475 dicitur
1358 2429 1510 2480 unacum
1535 2409 1662 2482 aeribus
1681 2419 1713 2482 et

290 2531 470 2626 aspectibus
493 2538 526 2602 at
549 2552 625 2604 cum
649 2529 757 2625 gradis
781 2529 973 2600 marmoreis
996 2538 1029 2600 et
1051 2531 1210 2604 solareum
1234 2543 1364 2607 etcum
1387 2537 1536 2631 portione
1560 2539 1600 2610 de
1624 2553 1714 2609 curte

293 2657 460 2734 communi
483 2657 518 2730 in
542 2680 612 2753 quo
634 2669 682 2730 est
705 2655 837 2728 ecelesia
860 2663 1045 2727 sanctorum
1080 2679 1188 2729 eosme
1221 2669 1253 2732 et
1276 2663 1415 2734 damiani
1440 2676 1471 2736 et
1494 2655 1570 2739 eum
1592 2665 1715 2736 introi-

291 2797 363 2862 tum
387 2808 484 2860 suum
508 2793 542 2858 at
564 2783 714 2856 omnibus
737 2783 799 2856 sivi
832 2781 1080 2878 pertinentibus.
1113 2793 1146 2854 et
1168 2785 1261 2856 nobis
1283 2787 1421 2881 pertinet
1443 2813 1502 2883 per
1524 2791 1714 2886 dispositum

292 2912 382 3008 quod
404 2911 481 2986 feeit
504 2917 682 2984 memorata
706 2907 774 2979 thia
797 2917 853 2978 tua
876 2927 953 2978 cum
988 2907 1153 3002 quondam
1181 2917 1275 3002 patro
1309 2911 1529 2982 centimolario
1553 2914 1627 2984 viro
1650 2935 1711 2984 sno

292 3061 391 3134 quem
415 3048 448 3111 et
469 3037 577 3132 ipsum
600 3035 791 3130 dispositum
816 3037 902 3129 apud
925 3056 985 3107 uos
1009 3033 1152 3108 abemus.
1178 3043 1211 3107 et
1233 3035 1365 3107 coherst
1379 3037 1441 3108 sivi
1458 3036 1499 3107 ab
1522 3061 1589 3109 uno
1611 3040 1712 3112 latere
1742 3111 1743 3114 ,

297 3195 317 3240 a
341 3177 432 3264 parte
455 3167 611 3239 horientis
633 3166 769 3238 domum
791 3163 893 3237 marie
917 3163 1060 3237 exadelia
1084 3174 1150 3235 tua.
1174 3173 1207 3234 et
1230 3189 1249 3236 a
1272 3173 1363 3258 parts
1386 3165 1558 3239 occidentis
1581 3168 1712 3242 coheret

291 3299 490 3366 memoratus
512 3281 605 3366 visus
627 3287 799 3384 pubblicus
822 3296 856 3362 et
879 3313 899 3358 a
921 3297 1013 3381 parte
1035 3287 1275 3380 septemtrionis
1288 3287 1419 3360 cohmet
1434 3291 1570 3364 domum
1593 3302 1658 3362 tua.
1684 3304 1717 3366 et

299 3444 317 3491 a
341 3426 432 3514 parte
453 3415 634 3492 meridiana
655 3416 789 3490 ooheret
810 3423 989 3488 memorata
1013 3421 1104 3484 curte
1136 3433 1327 3485 eommuae:
1358 3415 1399 3486 de
1421 3437 1487 3509 qua
1515 3415 1597 3488 nihil
1620 3419 1715 3491 nobis

294 3545 410 3620 exinde
434 3544 567 3642 aliquod
591 3545 745 3620 remansit
768 3553 824 3616 aut
847 3541 1084 3617 reservavimus
1107 3564 1167 3613 neo
1190 3541 1225 3612 in
1248 3537 1350 3611 aliena
1375 3541 1551 3638 cuiusque:
1578 3566 1714 3638 persona

294 3673 386 3768 quod
411 3671 493 3744 absit
516 3672 739 3744 commisimus
761 3679 818 3740 aut
840 3669 907 3742 iam
930 3666 1166 3742 commictimus
1190 3675 1369 3759 potestator
1395 3668 1441 3738 ita
1463 3679 1502 3742 ut
1526 3695 1545 3740 a
1568 3693 1655 3743 nune
1680 3682 1713 3746 at

299 3797 449 3892 ddneepe
471 3805 649 3868 memorata
664 3797 796 3866 donnum
814 3793 873 3888 qui
887 3791 958 3866 firid
973 3806 1151 3870 memorate
1165 3795 1262 3867 drosu
1278 3795 1332 3864 eui
1347 3815 1442 3888 sopra
1458 3817 1576 3869 nomen
1593 3819 1717 3872 somma

294 3926 441 3998 thiasus
465 3923 530 4021 'que
553 3923 686 4018 ponitur
710 3924 744 3996 in
765 3932 946 3997 memorato
970 3921 1044 3996 vieo
1068 3923 1127 4018 qui
1140 3901 1326 3994 nominatur
1349 3924 1540 4019 deposnlum
1556 3945 1632 3998 oum
1656 3951 1717 4000 ae·

180 4034 183 4040 ⁵
294 4053 384 4124 ribus
406 4061 439 4123 et
463 4051 642 4147 aspectibus
666 4059 698 4122 et
721 4070 798 4122 eum
820 4049 929 4144 gradis
951 4052 1140 4124 marmoreis
1163 4063 1196 4124 et
1212 4029 1286 4123 curn
1304 4051 1464 4125 solareum
1480 4075 1576 4126 suum
1592 4064 1715 4129 etcum

295 4178 444 4275 portione
467 4179 508 4252 de
530 4185 709 4250 memorata
732 4183 823 4248 eurte
846 4195 1019 4250 commune
1043 4182 1077 4249 et
1099 4199 1176 4249 enm
1198 4177 1367 4249 introitum
1383 4199 1480 4252 suurn
1495 4188 1528 4252 et
1550 4180 1714 4254 omnibus.

298 4305 383 4378 uude
406 4303 488 4384 nihil
511 4303 606 4376 nobis
629 4302 746 4376 exinde
779 4302 932 4380 remansit
967 4311 1126 4400 materna
1149 4311 1183 4374 et
1205 4327 1264 4400 per
1295 4312 1489 4376 memoratas
1516 4304 1716 4378 coherentiar
1854 4373 1856 4379 ,

296 4430 357 4502 tibi
379 4453 435 4504 eos
457 4430 690 4504 insinuavimus
719 4451 780 4502 nos
794 4440 832 4501 ut
848 4455 946 4526 super
968 4431 1088 4528 legitur
1105 4431 1231 4502 anobis
1247 4429 1306 4500 tibi
1320 4428 1361 4498 sit
1375 4449 1499 4522 sessum
1512 4437 1547 4501 et
1561 4432 1716 4507 samum

297 4557 331 4630 in
355 4567 411 4628 tua
435 4555 566 4652 tuisque
586 4554 761 4630 heredibus
784 4555 850 4631 sint
870 4563 1027 4650 potestate
1049 4555 1209 4652 qusquis
1232 4554 1350 4628 exiruis
1372 4557 1477 4629 faeere
1499 4555 1668 4641 volueritis
1685 4569 1719 4632 et

304 4703 410 4778 nequa
434 4705 454 4752 a
477 4681 571 4755 nobis
593 4691 773 4757 memorato
794 4681 902 4777 sergio
924 4681 1025 4756 umile
1048 4684 1202 4775 igumeno
1226 4705 1291 4754 una
1308 4687 1390 4755 ‘cnm
1412 4693 1519 4756 sumta
1535 4705 1720 4780 oongrega-

298 4809 386 4882 tious
409 4808 580 4882 memorati
603 4808 705 4883 saneti
727 4815 760 4885 et
782 4806 975 4888 venerahilis
998 4807 1099 4882 nostri
1120 4806 1307 4880 monasterii
1331 4830 1392 4880 nae
1415 4810 1586 4903 apostaris
1601 4809 1718 4882 nostris

301 4959 360 5009 nec
384 4961 402 5008 a
426 4935 519 5010 nobis
541 4934 687 5032 personis
703 4934 880 5010 summissis
894 4935 987 5008 nullo
1000 4944 1145 5032 tempora
1160 4959 1339 5032 numquam
1356 4939 1473 5010 exinde
1489 4938 1609 5022 abeatis
1631 4963 1720 5035 qua·

304 5084 445 5160 eumque
481 5063 692 5161 requisitione
725 5070 782 5134 aut
803 5060 948 5135 molestia
984 5071 1098 5134 tantu
1129 5062 1188 5160 qui
1216 5065 1395 5138 nominaris
1429 5074 1521 5159 peno
1556 5087 1720 5162 quamque
