4876 6532
1383 611 1505 710 (⁸⁰)

676 758 684 774 ⁸
730 782 844 848 contre
868 775 952 846 hanc
975 773 1155 846 cbsrtulam
1178 771 1401 868 promissionis
1424 779 1462 844 nt
1484 791 1583 868 snper
1605 769 1725 864 legitor
1747 767 1859 842 venire
1882 773 2151 864 presumserimus

736 926 794 995 per
817 901 935 996 quovis
958 901 1093 972 modum
1117 907 1173 970 out
1196 898 1373 970 summissis
1396 917 1548 991 personas
1571 905 1648 968 tnnc
1672 894 1895 989 componimus
1918 895 2012 968 vobis
2035 909 2150 990 poste-

734 1029 846 1122 risque
869 1027 984 1100 vestris
1007 1026 1079 1098 auri
1103 1025 1221 1098 solidos
1245 1025 1361 1119 viginti
1384 1024 1588 1120 bytbisnteos
1610 1024 1720 1097 etheo
1742 1023 1888 1094 chartula
1911 1023 2051 1118 qualiter
2066 1047 2150 1096 con·

733 1157 815 1226 tinet
835 1155 877 1226 sit
899 1155 1020 1226 firmat
1056 1153 1173 1248 scripta
1197 1175 1255 1246 per
1278 1175 1392 1224 manus
1415 1151 1548 1224 iobunni
1584 1149 1713 1222 curialis
1735 1173 1793 1245 per
1818 1147 1996 1224 indictione
2018 1173 2149 1224 memo-

734 1291 803 1354 rstn
827 1283 921 1354 tertie
945 1281 976 1376 †

827 1410 899 1478 Hoc
923 1408 1051 1500 signum
1075 1408 1105 1498 †
1128 1429 1242 1476 monus
1265 1406 1434 1476 memorati
1457 1406 1603 1499 stephani
1627 1407 1685 1500 qui
1708 1425 1947 1498 supernomen
1980 1407 2148 1478 monnocci

735 1532 824 1627 quod
849 1531 992 1628 egouqui
1016 1539 1212 1600 memoratos
1235 1552 1296 1622 pro
1319 1554 1396 1602 eum
1418 1529 1591 1625 subscripsi
1616 1527 1646 1624 †

829 1659 860 1749 †
884 1678 944 1747 ego
968 1657 1109 1728 cesarius
1134 1655 1219 1728 filius
1251 1658 1373 1730 domini
1403 1658 1552 1730 iohannis
1583 1667 1754 1753 rogotusu
1777 1661 1994 1754 suprascripto
2027 1661 2149 1731 steiano

737 1781 809 1858 testi
832 1780 1006 1873 subscripsi
1031 1779 1063 1872 †

829 1903 945 1996 †ego
969 1907 1140 1998 gregorius
1164 1909 1249 1979 filius
1275 1908 1398 1980 domini
1414 1909 1562 1982 iohannis
1577 1920 1710 2005 rogetus
1739 1935 1759 1982 e
1786 1913 2003 2006 suprascripto
2028 1915 2150 1985 surano

737 2032 808 2102 testi
834 2031 1007 2127 subscripsi
1030 2034 1061 2126 †

678 2167 681 2172 '
828 2167 944 2249 †ego
968 2157 1123 2230 iohannes
1155 2159 1240 2234 filius
1273 2162 1396 2234 domini
1430 2163 1544 2236 cesarii
1580 2173 1712 2258 rogatus
1745 2167 2004 2260 osuprsscripto
2031 2169 2151 2240 stefano

737 2284 826 2354 testis
849 2283 1023 2376 subscripsi
1047 2281 1078 2376 †

828 2404 958 2498 †‚Ego
979 2405 1134 2480 iohannes
1156 2408 1293 2480 Curiatio
1320 2409 1378 2503 qui
1405 2419 1599 2482 memoratos
1634 2420 1708 2504 post
1729 2412 1996 2509 subscriptionem
2020 2415 2150 2488 testium

738 2532 904 2628 Complevi
927 2543 960 2606 et
984 2535 1106 2606 absolvi
1131 2557 1189 2630 per
1213 2535 1387 2609 indictione
1410 2537 1593 2630 supradicto
1616 2538 1710 2611 tertia
1735 2540 1766 2635 †
