4876 6532
869 647 1012 742 (ηε)

673 903 706 1016 ’.
846 947 850 957 ·
885 941 999 1052 evus

319 1194 351 1296 †
373 1199 411 1268 ln
433 1194 565 1266 nomine
588 1192 714 1266 domini
737 1192 790 1264 dei
813 1190 984 1264 salvatoris
1001 1195 1107 1266 nostri
1124 1193 1230 1266 ¹lhesu
1249 1191 1369 1266 Christi
1391 1195 1573 1289 imperante
1589 1204 1652 1276 do-
1728 1231 1778 1275 an.

229 1324 327 1420 mino,
340 1333 452 1394 nostro
476 1322 627 1400 nioiiorio
643 1346 662 1390 a
678 1321 739 1392 deo
753 1326 911 1414 eoronqto
934 1343 1053 1414 magno
1076 1323 1273 1415 Imperatore
1297 1323 1382 1392 enno
1405 1326 1572 1396 secundo:
1597 1329 1651 1402 die
1704 1341 1792 1406 965.

227 1451 350 1524 &nme
372 1448 490 1521 mensis
512 1447 668 1520 iehnrarii
688 1446 865 1518 indictione
887 1444 1001 1516 octabu
1023 1444 1176 1538 neapoli:
1195 1445 1328 1518 Certum
1350 1455 1399 1518 est
1414 1470 1474 1517 nos
1498 1451 1653 1543 gregorio¹

220 1576 409 1651 'surrentino
432 1575 537 1646 tilium
560 1574 727 1670 quondm
747 1571 883 1643 iohanni
899 1572 1075 1642 surrentini
1099 1581 1133 1643 et
1154 1572 1268 1642 orania
1289 1572 1354 1660 hoe
1374 1582 1426 1643 est
1447 1573 1592 1668 ingalesr
1619 1578 1651 1650 d

135 1679 140 1690 ⁵
226 1702 366 1796 pruenti
390 1703 442 1773 die
465 1701 671 1795 proptissimn
696 1700 913 1774 voluntatem:
939 1698 1207 1772 venumdedimus
1228 1705 1261 1768 et
1273 1697 1464 1786 tradidimus
1480 1701 1572 1772 vohis
1588 1704 1650 1774 do-

225 1830 317 1900 mino
340 1829 496 1922 stephano
519 1827 588 1898 filio
613 1828 778 1922 quondam
802 1825 927 1902 domini
945 1825 1031 1896 leoni
1046 1825 1199 1898 monachi
1215 1837 1247 1898 et
1262 1827 1393 1898 domine
1409 1828 1498 1922 pitru
1515 1828 1649 1902 honesta

226 1957 346 2063 [emina
369 1955 505 2057 honest
528 1955 674 2048 iugales:
700 1953 782 2026 idest
806 1955 948 2047 integras
969 1955 1279 2024 *sexuncinsnostras
1294 1956 1339 2025 da
1353 1955 1480 2048 integre
1495 1955 1649 2028 interiore

226 2089 260 2152 et
282 2080 450 2172 superiora
472 2103 570 2173 super
593 2103 628 2151 se
651 2103 716 2161 une
739 2101 837 2172 super
861 2077 923 2147 stin
946 2079 1119 2150 constitute
1142 2077 1246 2172 posita
1268 2101 1349 2150 vero
1371 2080 1459 2150 intus
1476 2102 1535 2152 eno
1559 2080 1648 2153 civi-

227 2215 292 2280 nn
315 2203 459 2298 neopolis
482 2206 517 2276 in
539 2206 614 2276 vieo
637 2207 695 2302 qui
718 2207 906 2279 nominatur
927 2206 1096 2300 uirginum
1117 2207 1252 2300 regione
1280 2229 1405 2279 summa
1433 2209 1557 2302 platea:
1583 2233 1650 2282 une

227 2355 303 2405 enm
332 2331 482 2404 aheribus
513 2340 546 2403 et
568 2331 749 2425 aspectibus
776 2331 844 2402 suis
857 2331 964 2412 simul
995 2355 1071 2404 enm
1104 2331 1275 2404 introitum
1303 2314 1399 2404 sturm
1432 2360 1451 2406 a
1483 2349 1574 2428 parte
1606 2338 1648 2407 de

225 2465 439 2531 memoratum
472 2448 587 2528 hicum
616 2456 782 2548 publicum
807 2465 840 2528 et
871 2455 1045 2528 homnibus
1078 2457 1141 2528 sivi
1171 2459 1432 2552 pertinentibus:
1467 2459 1648 2554 pertinento

224 2585 307 2658 mihi
330 2609 350 2654 a
374 2583 506 2680 quidem
529 2582 663 2652 domino
685 2581 826 2655 iohanne
849 2604 987 2654 monaco
1011 2584 1135 2658 dudum
1151 2587 1323 2659 dommine
1341 2611 1425 2660 meo.
1453 2588 1539 2684 unde
1563 2585 1647 2658 nihil

165 2699 170 2708 ’
224 2710 318 2782 nouis
341 2709 457 2782 exinde
480 2695 613 2804 aliquod
635 2707 788 2780 remansit
803 2717 860 2778 ant
874 2708 1124 2780 reserbavimusr
1141 2733 1202 2784 nee
1215 2711 1251 2782 in
1267 2711 1370 2782 aliens
1384 2711 1549 2807 quinoque
1563 2734 1645 2805 per·
1724 2693 1728 2700 ’

223 2857 303 2906 sona
327 2835 417 2928 qnod
439 2833 522 2908 ahsit
544 2833 705 2904 commisit
728 2841 785 2904 ant
807 2832 873 2905 ism
896 2831 1133 2904 commistimns
1156 2821 1435 2931 potestatem:qni
1458 2845 1490 2908 et
1513 2835 1646 2907 coheret

225 2963 287 3036 sivi
319 2986 339 3032 n
371 2969 462 3054 parte
485 2963 641 3033 horientis
675 2971 872 3034 memoratus
906 2961 998 3032 binus
1026 2961 1175 3056 publicus
1206 2967 1293 3037 unde
1328 2965 1450 3036 ividem
1477 2966 1648 3038 introitum

225 3089 320 3162 ahere
337 3089 493 3162 deveatis:
512 3097 559 3160 set
575 3116 593 3159 a
608 3099 699 3182 parte
723 3089 763 3160 de
787 3097 1001 3160 memoratum
1023 3088 1133 3160 bienna
1156 3113 1215 3162 vos
1241 3100 1350 3184 portes
1373 3092 1499 3186 aperire
1523 3092 1646 3164 devea-

225 3215 289 3286 tis:
316 3224 349 3286 et
373 3238 392 3283 a
414 3225 505 3308 perte
533 3213 711 3284 meridiana
735 3212 867 3284 coheret
901 3201 1036 3286 domum
1065 3213 1216 3285 leonide
1251 3215 1416 3310 pacifique
1454 3223 1488 3286 et
1511 3240 1530 3284 a
1553 3225 1645 3308 parte

225 3337 422 3411 hoccidentis
445 3338 577 3410 coheret
600 3339 734 3410 domum
759 3347 865 3432 vestra
887 3338 1074 3410 memoratis
1096 3337 1244 3430 iugales:
1276 3347 1351 3408 eta
1373 3347 1464 3432 parte
1498 3349 1644 3434 septem-

224 3465 337 3540 trionis
361 3466 495 3540 coheret
518 3466 598 3536 alias
621 3467 789 3540 sexuncias
820 3488 862 3538 ex
885 3466 954 3560 ipsa
977 3465 1130 3537 interiora
1153 3471 1186 3536 et
1208 3465 1374 3558 superiora
1398 3485 1494 3558 super
1518 3488 1570 3538 se:
1605 3467 1646 3538 de

224 3594 356 3690 quidem
379 3593 459 3666 boni
482 3594 521 3664 de
544 3592 617 3664 loeo
640 3593 698 3687 qui
716 3565 913 3663 ‘nominatur
933 3593 1101 3664 tuscanum
1131 3593 1220 3687 quod
1243 3599 1291 3664 ast
1314 3593 1349 3663 in
1372 3592 1507 3684 longum
1538 3593 1642 3664 divisa

225 3729 326 3794 otest
349 3720 609 3813 omnitempore
634 3722 675 3792 de
698 3720 794 3816 quale
818 3739 992 3788 mensura:
1027 3718 1113 3789 nude
1136 3717 1218 3788 nihil
1241 3717 1334 3788 novis
1357 3717 1475 3788 exinde
1510 3716 1643 3812 aliquod

224 3843 375 3917 remansit
396 3851 453 3916 ent
475 3843 711 3916 reserhavimus
735 3851 783 3915 set
806 3869 825 3914 a
848 3843 988 3938 presenti
1011 3842 1064 3914 dio
1088 3849 1120 3914 et
1143 3841 1292 3936 deinceps
1315 3868 1334 3913 a
1357 3842 1450 3913 nobis
1485 3841 1578 3913 vohis
1601 3843 1643 3913 sit

206 3958 441 4040 'venundatum
464 3977 497 4040 et
520 3967 672 4042 traditum
696 3968 860 4044 innostra
883 3966 1063 4063 vestrisque
1087 3965 1259 4040 heredibus
1275 3968 1317 4038 sit
1333 3975 1522 4061 potestatem
1538 3967 1642 4060 quid·

224 4095 302 4189 quid
325 4095 442 4166 exinde
465 4096 570 4164 iacere
593 4094 784 4166 volueritis:
812 4102 844 4164 et
867 4118 973 4190 neque
996 4120 1015 4166 a
1039 4073 1262 4190 nobisneque
1285 4119 1303 4164 e
1327 4094 1444 4164 nostris
1468 4063 1643 4166 heredibus

222 4241 281 4292 nee
305 4247 324 4294 a
345 4221 438 4292 nobis
462 4245 597 4314 persons
620 4221 789 4292 summissa
824 4221 915 4292 utillo
937 4229 1084 4315 temporo
1117 4243 1280 4316 nucqnam
1304 4243 1363 4290 vos
1386 4227 1443 4290 aut
1466 4219 1641 4294 heredibus

223 4347 336 4418 restris
359 4346 449 4442 qnod
471 4347 553 4417 absit
568 4346 693 4418 abestis
703 4346 820 4418 exinde
837 4369 1043 4442 quocumque
1058 4346 1269 4440 requisitione
1284 4353 1340 4416 aut
1355 4345 1502 4416 molestia
1519 4371 1538 4414 a
1554 4369 1642 4418 nuno

224 4483 254 4544 et
276 4474 312 4546 in
328 4476 490 4568 perpetuis
508 4475 728 4568 temporibus:
755 4473 886 4566 insuper
902 4483 935 4544 st
951 4473 991 4543 ab
1007 4473 1096 4544 omni
1111 4473 1277 4543 hommine
1293 4471 1471 4566 homnique
1486 4495 1638 4566 persona:

224 4599 310 4670 omni
335 4609 482 4694 tempore
504 4621 563 4670 nos
587 4608 620 4670 et
642 4598 816 4670 heredibus
838 4597 956 4668 nostris
980 4597 1073 4668 vobis
1097 4597 1276 4692 vestrisque
1299 4596 1493 4668 heredibusr
1521 4598 1641 4672 exinde

224 4727 257 4796 in
294 4725 446 4798 omnibus
479 4734 635 4798 antestare
669 4735 702 4798 et
739 4726 901 4798 defensare
937 4724 1139 4796 deveamusr
1171 4733 1303 4819 propter
1336 4727 1425 4820 qnod
1441 4725 1641 4820 -acoepirnus

224 4851 357 4928 abonis
381 4851 498 4924 exinde
520 4853 555 4924 in
578 4851 752 4948 presentis:
778 4851 861 4922 idest
884 4850 955 4924 anri
979 4851 1097 4922 sohdos
1131 4859 1206 4922 octo
1239 4851 1420 4948 bytianteos
1450 4849 1533 4956 sient
1556 4829 1653 4924 inter¹

224 4981 315 5052 novis
338 4981 525 5054 combenit:
561 4992 772 5056 veruntamen
804 4982 1027 5078 promiotimus
1059 4982 1151 5057 vobis
1174 4991 1211 5058 ut
1234 4985 1262 5058 si
1295 5007 1354 5060 vos
1377 4995 1434 5058 eut
1466 4985 1641 5086 heredibus
