<?xml version="1.0" encoding="UTF-8"?>
<!DOCTYPE html PUBLIC "-//W3C//DTD XHTML 1.0 Transitional//EN"
    "http://www.w3.org/TR/xhtml1/DTD/xhtml1-transitional.dtd">
<html xmlns="http://www.w3.org/1999/xhtml" xml:lang="en" lang="en">
 <head>
  <title>
</title>
<meta http-equiv="Content-Type" content="text/html;charset=utf-8" />
  <meta name='ocr-system' content='tesseract 3.04.00' />
  <meta name='ocr-capabilities' content='ocr_page ocr_carea ocr_par ocr_line ocrx_word'/>
</head>
<body>
  <div class='ocr_page' id='page_1' title='image "./monumentaeditaa02napogoog_0059.png"; bbox 0 0 4954 6532; ppageno 0'>
   <div class='ocr_carea' id='block_1_1' title="bbox 793 603 2220 1494">
    <p class='ocr_par' dir='ltr' id='par_1_1' title="bbox 793 603 2220 1494">
     <span class='ocr_line' id='line_1_1' title="bbox 1446 603 1571 700; baseline -0.024 0"><span class='ocrx_word' id='word_1_1' title='bbox 1446 603 1571 700; x_wconf 75' lang='lat'><em>(22)</em></span> 
     </span>
     <span class='ocr_line' id='line_1_2' title="bbox 798 758 2218 857; baseline 0 -16"><span class='ocrx_word' id='word_1_2' title='bbox 798 762 974 841; x_wconf 88' lang='lat' dir='ltr'><strong>heredibus</strong></span> <span class='ocrx_word' id='word_1_3' title='bbox 997 763 1114 835; x_wconf 76' lang='lat' dir='ltr'><strong>nocuis</strong></span> <span class='ocrx_word' id='word_1_4' title='bbox 1136 761 1198 836; x_wconf 81' lang='lat' dir='ltr'><strong>tivi</strong></span> <span class='ocrx_word' id='word_1_5' title='bbox 1221 758 1352 857; x_wconf 78' lang='lat' dir='ltr'><strong>tuisqpe</strong></span> <span class='ocrx_word' id='word_1_6' title='bbox 1373 759 1548 834; x_wconf 89' lang='lat' dir='ltr'><strong>heredibus</strong></span> <span class='ocrx_word' id='word_1_7' title='bbox 1570 762 1736 846; x_wconf 84' lang='lat' dir='ltr'><strong>nominata</strong></span> <span class='ocrx_word' id='word_1_8' title='bbox 1759 766 1822 837; x_wconf 87' lang='lat' dir='ltr'><strong>dua</strong></span> <span class='ocrx_word' id='word_1_9' title='bbox 1847 763 1900 836; x_wconf 87' lang='lat' dir='ltr'><strong>fila</strong></span> <span class='ocrx_word' id='word_1_10' title='bbox 1923 774 2032 837; x_wconf 88' lang='lat' dir='ltr'><strong>nostra</strong></span> <span class='ocrx_word' id='word_1_11' title='bbox 2047 769 2088 840; x_wconf 89' lang='lat' dir='ltr'><strong>de</strong></span> <span class='ocrx_word' id='word_1_12' title='bbox 2104 768 2218 841; x_wconf 86' lang='lat' dir='ltr'><strong>uomi-</strong></span> 
     </span>
     <span class='ocr_line' id='line_1_3' title="bbox 797 887 2220 986; baseline 0.001 -20"><span class='ocrx_word' id='word_1_13' title='bbox 797 904 872 966; x_wconf 89' lang='lat' dir='ltr'><strong>nata</strong></span> <span class='ocrx_word' id='word_1_14' title='bbox 896 901 982 964; x_wconf 89' lang='lat' dir='ltr'><strong>terra</strong></span> <span class='ocrx_word' id='word_1_15' title='bbox 1005 913 1071 986; x_wconf 85' lang='lat' dir='ltr'><strong>que</strong></span> <span class='ocrx_word' id='word_1_16' title='bbox 1098 889 1161 961; x_wconf 87' lang='lat' dir='ltr'><strong>tiri</strong></span> <span class='ocrx_word' id='word_1_17' title='bbox 1183 888 1332 962; x_wconf 81' lang='lat' dir='ltr'><strong>dedimus</strong></span> <span class='ocrx_word' id='word_1_18' title='bbox 1356 913 1421 984; x_wconf 88' lang='lat' dir='ltr'><strong>que</strong></span> <span class='ocrx_word' id='word_1_19' title='bbox 1445 887 1633 960; x_wconf 87' lang='lat' dir='ltr'><strong>nominatur</strong></span> <span class='ocrx_word' id='word_1_20' title='bbox 1650 889 1831 962; x_wconf 86' lang='lat' dir='ltr'><strong>malianum</strong></span> <span class='ocrx_word' id='word_1_21' title='bbox 1846 891 2006 984; x_wconf 91' lang='lat' dir='ltr'><strong>pictulum</strong></span> <span class='ocrx_word' id='word_1_22' title='bbox 2020 893 2054 963; x_wconf 92' lang='lat' dir='ltr'><strong>iu</strong></span> <span class='ocrx_word' id='word_1_23' title='bbox 2070 897 2220 968; x_wconf 87' lang='lat' dir='ltr'><strong>omnibus</strong></span> 
     </span>
     <span class='ocr_line' id='line_1_4' title="bbox 796 1017 2219 1114; baseline 0.001 -18"><span class='ocrx_word' id='word_1_24' title='bbox 796 1031 957 1096; x_wconf 75' lang='lat' dir='ltr'><strong>antestare</strong></span> <span class='ocrx_word' id='word_1_25' title='bbox 991 1029 1024 1093; x_wconf 93' lang='lat' dir='ltr'><strong>et</strong></span> <span class='ocrx_word' id='word_1_26' title='bbox 1061 1019 1226 1092; x_wconf 80' lang='lat' dir='ltr'><strong>defensare</strong></span> <span class='ocrx_word' id='word_1_27' title='bbox 1259 1017 1456 1092; x_wconf 82' lang='lat' dir='ltr'><strong>debeamus:</strong></span> <span class='ocrx_word' id='word_1_28' title='bbox 1493 1026 1627 1112; x_wconf 90' lang='lat' dir='ltr'><strong>propter</strong></span> <span class='ocrx_word' id='word_1_29' title='bbox 1661 1021 1750 1114; x_wconf 90' lang='lat' dir='ltr'><strong>quod</strong></span> <span class='ocrx_word' id='word_1_30' title='bbox 1773 1029 1806 1091; x_wconf 85' lang='lat' dir='ltr'><strong>at</strong></span> <span class='ocrx_word' id='word_1_31' title='bbox 1828 1021 1936 1092; x_wconf 87' lang='lat' dir='ltr'><strong>ricem</strong></span> <span class='ocrx_word' id='word_1_32' title='bbox 1959 1023 2219 1097; x_wconf 72' lang='lat' dir='ltr'><strong>commutationis</strong></span> 
     </span>
     <span class='ocr_line' id='line_1_5' title="bbox 795 1143 2218 1246; baseline -0.004 -22"><span class='ocrx_word' id='word_1_33' title='bbox 795 1147 1167 1244; x_wconf 79' lang='lat' dir='ltr'><strong>recompensation‘uquc</strong></span> <span class='ocrx_word' id='word_1_34' title='bbox 1190 1147 1374 1242; x_wconf 80' lang='lat' dir='ltr'><strong>accepimus</strong></span> <span class='ocrx_word' id='word_1_35' title='bbox 1397 1169 1417 1218; x_wconf 84' lang='lat' dir='ltr'><strong>a</strong></span> <span class='ocrx_word' id='word_1_36' title='bbox 1440 1144 1534 1219; x_wconf 85' lang='lat' dir='ltr'><strong>robis</strong></span> <span class='ocrx_word' id='word_1_37' title='bbox 1557 1143 1640 1220; x_wconf 79' lang='lat' dir='ltr'><strong>idest</strong></span> <span class='ocrx_word' id='word_1_38' title='bbox 1662 1145 1788 1240; x_wconf 82' lang='lat' dir='ltr'><strong>integra</strong></span> <span class='ocrx_word' id='word_1_39' title='bbox 1811 1167 1876 1218; x_wconf 86' lang='lat' dir='ltr'><strong>una</strong></span> <span class='ocrx_word' id='word_1_40' title='bbox 1900 1156 1987 1219; x_wconf 86' lang='lat' dir='ltr'><strong>terra</strong></span> <span class='ocrx_word' id='word_1_41' title='bbox 2001 1157 2059 1222; x_wconf 89' lang='lat' dir='ltr'><strong>tua</strong></span> <span class='ocrx_word' id='word_1_42' title='bbox 2072 1147 2218 1246; x_wconf 80' lang='lat' dir='ltr'><strong>cumpace</strong></span> 
     </span>
     <span class='ocr_line' id='line_1_6' title="bbox 793 1273 2218 1377; baseline -0.001 -24"><span class='ocrx_word' id='word_1_43' title='bbox 793 1305 860 1377; x_wconf 84' lang='lat' dir='ltr'><strong>que</strong></span> <span class='ocrx_word' id='word_1_44' title='bbox 884 1275 1071 1350; x_wconf 87' lang='lat' dir='ltr'><strong>nominatur</strong></span> <span class='ocrx_word' id='word_1_45' title='bbox 1093 1277 1135 1348; x_wconf 88' lang='lat' dir='ltr'><strong>ad</strong></span> <span class='ocrx_word' id='word_1_46' title='bbox 1158 1275 1326 1348; x_wconf 86' lang='lat' dir='ltr'><strong>arbustum</strong></span> <span class='ocrx_word' id='word_1_47' title='bbox 1355 1273 1390 1346; x_wconf 87' lang='lat' dir='ltr'><strong>in</strong></span> <span class='ocrx_word' id='word_1_48' title='bbox 1422 1295 1575 1368; x_wconf 83' lang='lat' dir='ltr'><strong>campum</strong></span> <span class='ocrx_word' id='word_1_49' title='bbox 1607 1286 1681 1348; x_wconf 85' lang='lat' dir='ltr'><strong>aute</strong></span> <span class='ocrx_word' id='word_1_50' title='bbox 1709 1281 1856 1349; x_wconf 63' lang='lat' dir='ltr'><strong>uncum</strong></span> <span class='ocrx_word' id='word_1_51' title='bbox 1878 1274 2031 1348; x_wconf 88' lang='lat' dir='ltr'><strong>iacobum</strong></span> <span class='ocrx_word' id='word_1_52' title='bbox 2054 1299 2218 1352; x_wconf 89' lang='lat' dir='ltr'><strong>unacum</strong></span> 
     </span>
     <span class='ocr_line' id='line_1_7' title="bbox 793 1398 2218 1494; baseline -0.001 -14"><span class='ocrx_word' id='word_1_53' title='bbox 793 1403 965 1480; x_wconf 88' lang='lat' dir='ltr'><strong>introitum</strong></span> <span class='ocrx_word' id='word_1_54' title='bbox 988 1423 1085 1474; x_wconf 87' lang='lat' dir='ltr'><strong>suum</strong></span> <span class='ocrx_word' id='word_1_55' title='bbox 1110 1409 1144 1474; x_wconf 88' lang='lat' dir='ltr'><strong>et</strong></span> <span class='ocrx_word' id='word_1_56' title='bbox 1166 1399 1317 1474; x_wconf 87' lang='lat' dir='ltr'><strong>omuibus</strong></span> <span class='ocrx_word' id='word_1_57' title='bbox 1339 1400 1402 1472; x_wconf 81' lang='lat' dir='ltr'><strong>siri</strong></span> <span class='ocrx_word' id='word_1_58' title='bbox 1424 1398 1658 1494; x_wconf 90' lang='lat' dir='ltr'><strong>pertinentibus</strong></span> <span class='ocrx_word' id='word_1_59' title='bbox 1681 1413 1715 1473; x_wconf 88' lang='lat' dir='ltr'><strong>et</strong></span> <span class='ocrx_word' id='word_1_60' title='bbox 1737 1410 1813 1476; x_wconf 90' lang='lat' dir='ltr'><strong>suut</strong></span> <span class='ocrx_word' id='word_1_61' title='bbox 1835 1401 1979 1476; x_wconf 84' lang='lat' dir='ltr'><strong>tertiaria</strong></span> <span class='ocrx_word' id='word_1_62' title='bbox 2002 1405 2067 1478; x_wconf 89' lang='lat' dir='ltr'><strong>dua</strong></span> <span class='ocrx_word' id='word_1_63' title='bbox 2091 1414 2125 1480; x_wconf 88' lang='lat' dir='ltr'><strong>et</strong></span> <span class='ocrx_word' id='word_1_64' title='bbox 2145 1405 2218 1480; x_wconf 84' lang='lat' dir='ltr'><strong>abet</strong></span> 
     </span>
    </p>
   </div>
   <div class='ocr_carea' id='block_1_2' title="bbox 628 1523 2305 1624">
    <p class='ocr_par' dir='ltr' id='par_1_2' title="bbox 628 1523 2305 1624">
     <span class='ocr_line' id='line_1_8' title="bbox 628 1523 2305 1624; baseline 0.002 -20"><span class='ocrx_word' id='word_1_65' title='bbox 628 1584 635 1592; x_wconf 85' lang='grc'><strong>-</strong></span> <span class='ocrx_word' id='word_1_66' title='bbox 792 1532 865 1610; x_wconf 84' lang='lat' dir='ltr'><strong>linis</strong></span> <span class='ocrx_word' id='word_1_67' title='bbox 899 1531 941 1603; x_wconf 89' lang='lat' dir='ltr'><strong>ab</strong></span> <span class='ocrx_word' id='word_1_68' title='bbox 973 1552 1042 1602; x_wconf 93' lang='lat' dir='ltr'><strong>uuo</strong></span> <span class='ocrx_word' id='word_1_69' title='bbox 1065 1526 1165 1600; x_wconf 87' lang='lat' dir='ltr'><strong>latere</strong></span> <span class='ocrx_word' id='word_1_70' title='bbox 1188 1537 1275 1598; x_wconf 90' lang='lat' dir='ltr'><strong>terra</strong></span> <span class='ocrx_word' id='word_1_71' title='bbox 1298 1523 1484 1600; x_wconf 85' lang='lat' dir='ltr'><strong>monasterii</strong></span> <span class='ocrx_word' id='word_1_72' title='bbox 1508 1527 1610 1600; x_wconf 85' lang='lat' dir='ltr'><strong>sancti</strong></span> <span class='ocrx_word' id='word_1_73' title='bbox 1633 1527 1801 1624; x_wconf 80' lang='lat' dir='ltr'><strong>gregorii:</strong></span> <span class='ocrx_word' id='word_1_74' title='bbox 1834 1540 1867 1602; x_wconf 91' lang='lat' dir='ltr'><strong>et</strong></span> <span class='ocrx_word' id='word_1_75' title='bbox 1890 1529 1931 1602; x_wconf 84' lang='lat' dir='ltr'><strong>ab</strong></span> <span class='ocrx_word' id='word_1_76' title='bbox 1954 1529 2019 1602; x_wconf 88' lang='lat' dir='ltr'><strong>alio</strong></span> <span class='ocrx_word' id='word_1_77' title='bbox 2042 1533 2142 1605; x_wconf 85' lang='lat' dir='ltr'><strong>latere</strong></span> <span class='ocrx_word' id='word_1_78' title='bbox 2165 1541 2214 1606; x_wconf 85' lang='lat' dir='ltr'><strong>eat</strong></span> <span class='ocrx_word' id='word_1_79' title='bbox 2303 1574 2305 1579; x_wconf 93' lang='lat'>·</span> 
     </span>
    </p>
   </div>
   <div class='ocr_carea' id='block_1_3' title="bbox 786 1653 2217 3656">
    <p class='ocr_par' dir='ltr' id='par_1_3' title="bbox 788 1653 2217 3156">
     <span class='ocr_line' id='line_1_9' title="bbox 792 1653 2217 1752; baseline -0.001 -20"><span class='ocrx_word' id='word_1_80' title='bbox 792 1671 879 1736; x_wconf 85' lang='lat' dir='ltr'><strong>terra</strong></span> <span class='ocrx_word' id='word_1_81' title='bbox 901 1658 1060 1731; x_wconf 85' lang='lat' dir='ltr'><strong>heredum</strong></span> <span class='ocrx_word' id='word_1_82' title='bbox 1083 1653 1232 1750; x_wconf 75' lang='lat' dir='ltr'><strong>stephani</strong></span> <span class='ocrx_word' id='word_1_83' title='bbox 1255 1653 1422 1728; x_wconf 72' lang='lat' dir='ltr'><strong>mdorarii</strong></span> <span class='ocrx_word' id='word_1_84' title='bbox 1446 1654 1507 1726; x_wconf 87' lang='lat' dir='ltr'><strong>tbii</strong></span> <span class='ocrx_word' id='word_1_85' title='bbox 1531 1655 1590 1728; x_wconf 88' lang='lat' dir='ltr'><strong>tui.</strong></span> <span class='ocrx_word' id='word_1_86' title='bbox 1614 1667 1648 1728; x_wconf 89' lang='lat' dir='ltr'><strong>et</strong></span> <span class='ocrx_word' id='word_1_87' title='bbox 1675 1658 1718 1730; x_wconf 88' lang='lat' dir='ltr'><strong>de</strong></span> <span class='ocrx_word' id='word_1_88' title='bbox 1739 1679 1807 1730; x_wconf 95' lang='lat' dir='ltr'><strong>uuo</strong></span> <span class='ocrx_word' id='word_1_89' title='bbox 1830 1657 1936 1752; x_wconf 88' lang='lat' dir='ltr'><strong>capite</strong></span> <span class='ocrx_word' id='word_1_90' title='bbox 1959 1668 2007 1732; x_wconf 89' lang='lat' dir='ltr'><strong>est</strong></span> <span class='ocrx_word' id='word_1_91' title='bbox 2030 1669 2116 1732; x_wconf 71' lang='lat' dir='ltr'><strong>mara</strong></span> <span class='ocrx_word' id='word_1_92' title='bbox 2140 1661 2217 1732; x_wconf 79' lang='lat' dir='ltr'><strong>len-</strong></span> 
     </span>
     <span class='ocr_line' id='line_1_10' title="bbox 791 1781 2217 1877; baseline -0.002 -16"><span class='ocrx_word' id='word_1_93' title='bbox 791 1787 914 1860; x_wconf 88' lang='lat' dir='ltr'><strong>demari</strong></span> <span class='ocrx_word' id='word_1_94' title='bbox 938 1781 1140 1877; x_wconf 79' lang='lat' dir='ltr'><strong>langubardi.</strong></span> <span class='ocrx_word' id='word_1_95' title='bbox 1166 1793 1199 1856; x_wconf 89' lang='lat' dir='ltr'><strong>et</strong></span> <span class='ocrx_word' id='word_1_96' title='bbox 1223 1782 1264 1852; x_wconf 90' lang='lat' dir='ltr'><strong>ab</strong></span> <span class='ocrx_word' id='word_1_97' title='bbox 1288 1782 1353 1853; x_wconf 89' lang='lat' dir='ltr'><strong>alio</strong></span> <span class='ocrx_word' id='word_1_98' title='bbox 1376 1781 1480 1876; x_wconf 89' lang='lat' dir='ltr'><strong>capite</strong></span> <span class='ocrx_word' id='word_1_99' title='bbox 1504 1789 1553 1854; x_wconf 87' lang='lat' dir='ltr'><strong>est</strong></span> <span class='ocrx_word' id='word_1_100' title='bbox 1577 1791 1664 1856; x_wconf 88' lang='lat' dir='ltr'><strong>terra</strong></span> <span class='ocrx_word' id='word_1_101' title='bbox 1687 1782 1847 1856; x_wconf 89' lang='lat' dir='ltr'><strong>heredum</strong></span> <span class='ocrx_word' id='word_1_102' title='bbox 1869 1783 1987 1856; x_wconf 77' lang='lat' dir='ltr'><strong>mermi</strong></span> <span class='ocrx_word' id='word_1_103' title='bbox 2010 1794 2075 1856; x_wconf 88' lang='lat' dir='ltr'><strong>tata</strong></span> <span class='ocrx_word' id='word_1_104' title='bbox 2089 1786 2143 1858; x_wconf 84' lang='lat' dir='ltr'><strong>rel</strong></span> <span class='ocrx_word' id='word_1_105' title='bbox 2158 1786 2217 1858; x_wconf 91' lang='lat' dir='ltr'><strong>ali·</strong></span> 
     </span>
     <span class='ocr_line' id='line_1_11' title="bbox 790 1910 2212 2010; baseline -0.001 -24"><span class='ocrx_word' id='word_1_106' title='bbox 790 1915 849 2010; x_wconf 92' lang='lat' dir='ltr'><strong>qui</strong></span> <span class='ocrx_word' id='word_1_107' title='bbox 874 1922 907 1982; x_wconf 86' lang='lat' dir='ltr'><strong>at</strong></span> <span class='ocrx_word' id='word_1_108' title='bbox 929 1914 993 1985; x_wconf 85' lang='lat' dir='ltr'><strong>tine</strong></span> <span class='ocrx_word' id='word_1_109' title='bbox 1016 1923 1114 1983; x_wconf 86' lang='lat' dir='ltr'><strong>sunt:</strong></span> <span class='ocrx_word' id='word_1_110' title='bbox 1146 1913 1233 2006; x_wconf 89' lang='lat' dir='ltr'><strong>unde</strong></span> <span class='ocrx_word' id='word_1_111' title='bbox 1256 1910 1340 1982; x_wconf 90' lang='lat' dir='ltr'><strong>nibil</strong></span> <span class='ocrx_word' id='word_1_112' title='bbox 1363 1912 1424 1984; x_wconf 86' lang='lat' dir='ltr'><strong>tivi</strong></span> <span class='ocrx_word' id='word_1_113' title='bbox 1448 1910 1565 1986; x_wconf 81' lang='lat' dir='ltr'><strong>exinde</strong></span> <span class='ocrx_word' id='word_1_114' title='bbox 1589 1911 1722 2004; x_wconf 76' lang='lat' dir='ltr'><strong>aliquod</strong></span> <span class='ocrx_word' id='word_1_115' title='bbox 1746 1911 1899 1982; x_wconf 78' lang='lat' dir='ltr'><strong>remansit</strong></span> <span class='ocrx_word' id='word_1_116' title='bbox 1922 1921 1979 1982; x_wconf 85' lang='lat' dir='ltr'><strong>aut</strong></span> <span class='ocrx_word' id='word_1_117' title='bbox 2000 1912 2212 1988; x_wconf 76' lang='lat' dir='ltr'><strong>reservastisc</strong></span> 
     </span>
     <span class='ocr_line' id='line_1_12' title="bbox 789 2035 2214 2137; baseline -0.001 -21"><span class='ocrx_word' id='word_1_118' title='bbox 789 2043 923 2137; x_wconf 87' lang='lat' dir='ltr'><strong>insuper</strong></span> <span class='ocrx_word' id='word_1_119' title='bbox 945 2038 1036 2112; x_wconf 89' lang='lat' dir='ltr'><strong>omni</strong></span> <span class='ocrx_word' id='word_1_120' title='bbox 1061 2051 1207 2132; x_wconf 89' lang='lat' dir='ltr'><strong>tempore</strong></span> <span class='ocrx_word' id='word_1_121' title='bbox 1230 2051 1268 2110; x_wconf 89' lang='lat' dir='ltr'><strong>tu</strong></span> <span class='ocrx_word' id='word_1_122' title='bbox 1292 2049 1325 2110; x_wconf 90' lang='lat' dir='ltr'><strong>et</strong></span> <span class='ocrx_word' id='word_1_123' title='bbox 1348 2037 1521 2112; x_wconf 90' lang='lat' dir='ltr'><strong>heredibus</strong></span> <span class='ocrx_word' id='word_1_124' title='bbox 1545 2037 1610 2110; x_wconf 89' lang='lat' dir='ltr'><strong>tuis</strong></span> <span class='ocrx_word' id='word_1_125' title='bbox 1632 2037 1707 2108; x_wconf 84' lang='lat' dir='ltr'><strong>ibes</strong></span> <span class='ocrx_word' id='word_1_126' title='bbox 1729 2035 1770 2106; x_wconf 87' lang='lat' dir='ltr'><strong>ab</strong></span> <span class='ocrx_word' id='word_1_127' title='bbox 1794 2036 1885 2106; x_wconf 83' lang='lat' dir='ltr'><strong>omui</strong></span> <span class='ocrx_word' id='word_1_128' title='bbox 1907 2036 2041 2112; x_wconf 76' lang='lat' dir='ltr'><strong>bamma</strong></span> <span class='ocrx_word' id='word_1_129' title='bbox 2058 2039 2214 2135; x_wconf 84' lang='lat' dir='ltr'><strong>omnique</strong></span> 
     </span>
     <span class='ocr_line' id='line_1_13' title="bbox 790 2159 2217 2262; baseline 0 -24"><span class='ocrx_word' id='word_1_130' title='bbox 790 2190 926 2262; x_wconf 89' lang='lat' dir='ltr'><strong>persona</strong></span> <span class='ocrx_word' id='word_1_131' title='bbox 950 2190 969 2235; x_wconf 89' lang='lat' dir='ltr'><strong>a</strong></span> <span class='ocrx_word' id='word_1_132' title='bbox 992 2163 1137 2259; x_wconf 84' lang='lat' dir='ltr'><strong>partibus</strong></span> <span class='ocrx_word' id='word_1_133' title='bbox 1159 2161 1436 2260; x_wconf 79' lang='lat' dir='ltr'><strong>langubardorum</strong></span> <span class='ocrx_word' id='word_1_134' title='bbox 1457 2172 1490 2234; x_wconf 87' lang='lat' dir='ltr'><strong>et</strong></span> <span class='ocrx_word' id='word_1_135' title='bbox 1507 2186 1526 2233; x_wconf 88' lang='lat' dir='ltr'><strong>a</strong></span> <span class='ocrx_word' id='word_1_136' title='bbox 1542 2159 1689 2256; x_wconf 88' lang='lat' dir='ltr'><strong>partibus</strong></span> <span class='ocrx_word' id='word_1_137' title='bbox 1712 2159 1992 2256; x_wconf 78' lang='lat' dir='ltr'><strong>neapolitanorum</strong></span> <span class='ocrx_word' id='word_1_138' title='bbox 2015 2163 2217 2238; x_wconf 83' lang='lat' dir='ltr'><strong>inomuibus</strong></span> 
     </span>
     <span class='ocr_line' id='line_1_14' title="bbox 790 2286 2214 2380; baseline -0.003 -14"><span class='ocrx_word' id='word_1_139' title='bbox 790 2303 948 2370; x_wconf 84' lang='lat' dir='ltr'><strong>antestare</strong></span> <span class='ocrx_word' id='word_1_140' title='bbox 971 2302 1005 2366; x_wconf 90' lang='lat' dir='ltr'><strong>et</strong></span> <span class='ocrx_word' id='word_1_141' title='bbox 1028 2290 1195 2364; x_wconf 80' lang='lat' dir='ltr'><strong>defensare</strong></span> <span class='ocrx_word' id='word_1_142' title='bbox 1218 2286 1360 2362; x_wconf 85' lang='lat' dir='ltr'><strong>debeatis</strong></span> <span class='ocrx_word' id='word_1_143' title='bbox 1383 2288 1462 2380; x_wconf 90' lang='lat' dir='ltr'><strong>quia</strong></span> <span class='ocrx_word' id='word_1_144' title='bbox 1485 2287 1532 2358; x_wconf 87' lang='lat' dir='ltr'><strong>ita</strong></span> <span class='ocrx_word' id='word_1_145' title='bbox 1555 2286 1650 2358; x_wconf 91' lang='lat' dir='ltr'><strong>nobis</strong></span> <span class='ocrx_word' id='word_1_146' title='bbox 1672 2287 1761 2360; x_wconf 87' lang='lat' dir='ltr'><strong>stetit</strong></span> <span class='ocrx_word' id='word_1_147' title='bbox 1784 2286 1819 2360; x_wconf 86' lang='lat' dir='ltr'><strong>Si</strong></span> <span class='ocrx_word' id='word_1_148' title='bbox 1842 2297 1952 2364; x_wconf 88' lang='lat' dir='ltr'><strong>autem</strong></span> <span class='ocrx_word' id='word_1_149' title='bbox 1967 2311 2026 2362; x_wconf 91' lang='lat' dir='ltr'><strong>nos</strong></span> <span class='ocrx_word' id='word_1_150' title='bbox 2045 2289 2097 2362; x_wconf 84' lang='lat' dir='ltr'><strong>rel</strong></span> <span class='ocrx_word' id='word_1_151' title='bbox 2115 2289 2214 2364; x_wconf 88' lang='lat' dir='ltr'><strong>bere·</strong></span> 
     </span>
     <span class='ocr_line' id='line_1_15' title="bbox 789 2410 2217 2517; baseline -0.009 -19"><span class='ocrx_word' id='word_1_152' title='bbox 789 2423 885 2498; x_wconf 81' lang='lat' dir='ltr'><strong>dibus</strong></span> <span class='ocrx_word' id='word_1_153' title='bbox 908 2419 1026 2496; x_wconf 88' lang='lat' dir='ltr'><strong>nostris</strong></span> <span class='ocrx_word' id='word_1_154' title='bbox 1056 2427 1168 2490; x_wconf 89' lang='lat' dir='ltr'><strong>contra</strong></span> <span class='ocrx_word' id='word_1_155' title='bbox 1200 2437 1260 2486; x_wconf 91' lang='lat' dir='ltr'><strong>anc</strong></span> <span class='ocrx_word' id='word_1_156' title='bbox 1283 2410 1464 2484; x_wconf 80' lang='lat' dir='ltr'><strong>chartulam</strong></span> <span class='ocrx_word' id='word_1_157' title='bbox 1487 2411 1751 2517; x_wconf 76' lang='lat' dir='ltr'><strong>commutationis</strong></span> <span class='ocrx_word' id='word_1_158' title='bbox 1783 2423 1822 2484; x_wconf 90' lang='lat' dir='ltr'><strong>ut</strong></span> <span class='ocrx_word' id='word_1_159' title='bbox 1842 2435 1940 2507; x_wconf 88' lang='lat' dir='ltr'><strong>super</strong></span> <span class='ocrx_word' id='word_1_160' title='bbox 1962 2414 2081 2507; x_wconf 79' lang='lat' dir='ltr'><strong>legitur</strong></span> <span class='ocrx_word' id='word_1_161' title='bbox 2104 2417 2217 2490; x_wconf 83' lang='lat' dir='ltr'><strong>venire</strong></span> 
     </span>
     <span class='ocr_line' id='line_1_16' title="bbox 788 2538 2216 2645; baseline -0.006 -23"><span class='ocrx_word' id='word_1_162' title='bbox 788 2549 1080 2645; x_wconf 85' lang='lat' dir='ltr'><strong>presumpserimus</strong></span> <span class='ocrx_word' id='word_1_163' title='bbox 1103 2567 1163 2641; x_wconf 90' lang='lat' dir='ltr'><strong>per</strong></span> <span class='ocrx_word' id='word_1_164' title='bbox 1185 2541 1304 2639; x_wconf 87' lang='lat' dir='ltr'><strong>quobis</strong></span> <span class='ocrx_word' id='word_1_165' title='bbox 1326 2541 1463 2616; x_wconf 86' lang='lat' dir='ltr'><strong>modum</strong></span> <span class='ocrx_word' id='word_1_166' title='bbox 1486 2548 1544 2612; x_wconf 87' lang='lat' dir='ltr'><strong>aut</strong></span> <span class='ocrx_word' id='word_1_167' title='bbox 1567 2538 1747 2614; x_wconf 71' lang='lat' dir='ltr'><strong>summissis</strong></span> <span class='ocrx_word' id='word_1_168' title='bbox 1769 2541 1915 2636; x_wconf 80' lang='lat' dir='ltr'><strong>personis</strong></span> <span class='ocrx_word' id='word_1_169' title='bbox 1938 2551 2015 2614; x_wconf 88' lang='lat' dir='ltr'><strong>tunc</strong></span> <span class='ocrx_word' id='word_1_170' title='bbox 2032 2543 2216 2639; x_wconf 71' lang='grc' dir='ltr'>Εοιιιροιιὶ-</span> 
     </span>
     <span class='ocr_line' id='line_1_17' title="bbox 790 2667 2211 2755; baseline -0.008 0"><span class='ocrx_word' id='word_1_171' title='bbox 790 2701 864 2755; x_wconf 85' lang='lat' dir='ltr'><strong>mus</strong></span> <span class='ocrx_word' id='word_1_172' title='bbox 887 2699 947 2750; x_wconf 91' lang='lat' dir='ltr'><strong>nos</strong></span> <span class='ocrx_word' id='word_1_173' title='bbox 971 2687 1004 2750; x_wconf 90' lang='lat' dir='ltr'><strong>et</strong></span> <span class='ocrx_word' id='word_1_174' title='bbox 1026 2673 1199 2748; x_wconf 84' lang='lat' dir='ltr'><strong>heredibus</strong></span> <span class='ocrx_word' id='word_1_175' title='bbox 1222 2671 1340 2744; x_wconf 76' lang='lat' dir='ltr'><strong>noan</strong></span> <span class='ocrx_word' id='word_1_176' title='bbox 1363 2668 1458 2742; x_wconf 85' lang='lat' dir='ltr'><strong>vobis</strong></span> <span class='ocrx_word' id='word_1_177' title='bbox 1481 2677 1516 2742; x_wconf 91' lang='lat' dir='ltr'><strong>et</strong></span> <span class='ocrx_word' id='word_1_178' title='bbox 1537 2677 1572 2740; x_wconf 88' lang='lat' dir='ltr'><strong>at</strong></span> <span class='ocrx_word' id='word_1_179' title='bbox 1593 2667 1709 2740; x_wconf 84' lang='lat' dir='ltr'><strong>reatris</strong></span> <span class='ocrx_word' id='word_1_180' title='bbox 1731 2667 1905 2742; x_wconf 86' lang='lat' dir='ltr'><strong>heredibus</strong></span> <span class='ocrx_word' id='word_1_181' title='bbox 1929 2669 2001 2739; x_wconf 88' lang='lat' dir='ltr'><strong>auri</strong></span> <span class='ocrx_word' id='word_1_182' title='bbox 2016 2669 2136 2742; x_wconf 89' lang='lat' dir='ltr'><strong>solidos</strong></span> <span class='ocrx_word' id='word_1_183' title='bbox 2153 2671 2211 2744; x_wconf 83' lang='lat' dir='ltr'><strong>de·</strong></span> 
     </span>
     <span class='ocr_line' id='line_1_18' title="bbox 788 2793 2212 2900; baseline -0.008 -20"><span class='ocrx_word' id='word_1_184' title='bbox 788 2827 861 2880; x_wconf 86' lang='lat' dir='ltr'><strong>cam</strong></span> <span class='ocrx_word' id='word_1_185' title='bbox 892 2803 1074 2900; x_wconf 77' lang='lat' dir='ltr'><strong>bytiauteos</strong></span> <span class='ocrx_word' id='word_1_186' title='bbox 1107 2811 1140 2874; x_wconf 90' lang='lat' dir='ltr'><strong>et</strong></span> <span class='ocrx_word' id='word_1_187' title='bbox 1177 2799 1239 2872; x_wconf 85' lang='lat' dir='ltr'><strong>hec</strong></span> <span class='ocrx_word' id='word_1_188' title='bbox 1270 2795 1417 2870; x_wconf 71' lang='lat' dir='ltr'><strong>marana</strong></span> <span class='ocrx_word' id='word_1_189' title='bbox 1446 2793 1708 2870; x_wconf 74' lang='lat' dir='ltr'><strong>commutationis</strong></span> <span class='ocrx_word' id='word_1_190' title='bbox 1730 2805 1769 2866; x_wconf 89' lang='lat' dir='ltr'><strong>ut</strong></span> <span class='ocrx_word' id='word_1_191' title='bbox 1792 2817 1888 2888; x_wconf 91' lang='lat' dir='ltr'><strong>super</strong></span> <span class='ocrx_word' id='word_1_192' title='bbox 1910 2793 2031 2888; x_wconf 78' lang='lat' dir='ltr'><strong>legitm</strong></span> <span class='ocrx_word' id='word_1_193' title='bbox 2053 2796 2096 2866; x_wconf 91' lang='lat' dir='ltr'><strong>sit</strong></span> <span class='ocrx_word' id='word_1_194' title='bbox 2118 2797 2212 2868; x_wconf 81' lang='lat' dir='ltr'><strong>firma</strong></span> 
     </span>
     <span class='ocr_line' id='line_1_19' title="bbox 789 2921 2212 3026; baseline -0.004 -22"><span class='ocrx_word' id='word_1_195' title='bbox 789 2933 908 3026; x_wconf 81' lang='lat' dir='ltr'><strong>scripta</strong></span> <span class='ocrx_word' id='word_1_196' title='bbox 932 2953 991 3026; x_wconf 88' lang='lat' dir='ltr'><strong>per</strong></span> <span class='ocrx_word' id='word_1_197' title='bbox 1013 2949 1149 3004; x_wconf 88' lang='lat' dir='ltr'><strong>manum</strong></span> <span class='ocrx_word' id='word_1_198' title='bbox 1171 2923 1316 3022; x_wconf 78' lang='lat' dir='ltr'><strong>gregorii</strong></span> <span class='ocrx_word' id='word_1_199' title='bbox 1348 2924 1479 2996; x_wconf 84' lang='lat' dir='ltr'><strong>curialia</strong></span> <span class='ocrx_word' id='word_1_200' title='bbox 1511 2930 1545 2998; x_wconf 89' lang='lat' dir='ltr'><strong>et</strong></span> <span class='ocrx_word' id='word_1_201' title='bbox 1573 2921 1735 2995; x_wconf 61' lang='lat' dir='ltr'><strong>maniarii</strong></span> <span class='ocrx_word' id='word_1_202' title='bbox 1757 2921 1896 2998; x_wconf 86' lang='lat' dir='ltr'><strong>scribere</strong></span> <span class='ocrx_word' id='word_1_203' title='bbox 1919 2933 2052 3019; x_wconf 80' lang='lat' dir='ltr'><strong>rogatus</strong></span> <span class='ocrx_word' id='word_1_204' title='bbox 2075 2934 2108 2998; x_wconf 90' lang='lat' dir='ltr'><strong>et</strong></span> <span class='ocrx_word' id='word_1_205' title='bbox 2132 2935 2212 2998; x_wconf 87' lang='lat' dir='ltr'><strong>testo</strong></span> 
     </span>
     <span class='ocr_line' id='line_1_20' title="bbox 789 3049 1634 3156; baseline -0.018 -18"><span class='ocrx_word' id='word_1_206' title='bbox 789 3060 964 3156; x_wconf 77' lang='lat' dir='ltr'><strong>subscripsi</strong></span> <span class='ocrx_word' id='word_1_207' title='bbox 986 3081 1046 3154; x_wconf 87' lang='lat' dir='ltr'><strong>par</strong></span> <span class='ocrx_word' id='word_1_208' title='bbox 1068 3057 1234 3130; x_wconf 87' lang='lat' dir='ltr'><strong>nominata</strong></span> <span class='ocrx_word' id='word_1_209' title='bbox 1257 3055 1382 3128; x_wconf 88' lang='lat' dir='ltr'><strong>decima</strong></span> <span class='ocrx_word' id='word_1_210' title='bbox 1404 3053 1579 3126; x_wconf 87' lang='lat' dir='ltr'><strong>indictione</strong></span> <span class='ocrx_word' id='word_1_211' title='bbox 1602 3049 1634 3146; x_wconf 89' lang='lat'><em>†</em></span> 
     </span>
    </p>

    <p class='ocr_par' dir='ltr' id='par_1_4' title="bbox 786 3177 2208 3417">
     <span class='ocr_line' id='line_1_21' title="bbox 883 3177 2208 3282; baseline -0.006 -20"><span class='ocrx_word' id='word_1_212' title='bbox 883 3189 947 3262; x_wconf 90' lang='lat' dir='ltr'><strong>boc</strong></span> <span class='ocrx_word' id='word_1_213' title='bbox 970 3189 1101 3282; x_wconf 78' lang='lat' dir='ltr'><strong>signum</strong></span> <span class='ocrx_word' id='word_1_214' title='bbox 1124 3183 1156 3279; x_wconf 96' lang='lat'>†</span> <span class='ocrx_word' id='word_1_215' title='bbox 1177 3205 1292 3257; x_wconf 84' lang='lat' dir='ltr'><strong>manua</strong></span> <span class='ocrx_word' id='word_1_216' title='bbox 1315 3181 1480 3254; x_wconf 87' lang='lat' dir='ltr'><strong>nominato</strong></span> <span class='ocrx_word' id='word_1_217' title='bbox 1503 3180 1662 3253; x_wconf 89' lang='lat' dir='ltr'><strong>theodoro</strong></span> <span class='ocrx_word' id='word_1_218' title='bbox 1684 3177 1825 3274; x_wconf 78' lang='lat' dir='ltr'><strong>gloriosa</strong></span> <span class='ocrx_word' id='word_1_219' title='bbox 1848 3179 1974 3264; x_wconf 83' lang='lat' dir='ltr'><strong>ducisse</strong></span> <span class='ocrx_word' id='word_1_220' title='bbox 1989 3203 2052 3276; x_wconf 80' lang='lat' dir='ltr'><strong>ego</strong></span> <span class='ocrx_word' id='word_1_221' title='bbox 2066 3181 2124 3277; x_wconf 90' lang='lat' dir='ltr'><strong>qui</strong></span> <span class='ocrx_word' id='word_1_222' title='bbox 2140 3203 2208 3254; x_wconf 92' lang='lat' dir='ltr'><strong>no-</strong></span> 
     </span>
     <span class='ocr_line' id='line_1_22' title="bbox 786 3302 1717 3417; baseline -0.017 -28"><span class='ocrx_word' id='word_1_223' title='bbox 786 3319 925 3388; x_wconf 87' lang='lat' dir='ltr'><strong>minatos</strong></span> <span class='ocrx_word' id='word_1_224' title='bbox 947 3337 1009 3406; x_wconf 92' lang='lat' dir='ltr'><strong>pro</strong></span> <span class='ocrx_word' id='word_1_225' title='bbox 1031 3335 1085 3382; x_wconf 83' lang='lat' dir='ltr'><strong>aas</strong></span> <span class='ocrx_word' id='word_1_226' title='bbox 1108 3307 1281 3402; x_wconf 78' lang='lat' dir='ltr'><strong>subscripsi</strong></span> <span class='ocrx_word' id='word_1_227' title='bbox 1303 3302 1335 3400; x_wconf 89' lang='lat'>†</span> <span class='ocrx_word' id='word_1_228' title='bbox 1605 3397 1717 3417; x_wconf 49' lang='grc'><strong>,-</strong></span> 
     </span>
    </p>

    <p class='ocr_par' dir='ltr' id='par_1_5' title="bbox 881 3426 2184 3532">
     <span class='ocr_line' id='line_1_23' title="bbox 881 3426 2184 3532; baseline -0.012 -23"><span class='ocrx_word' id='word_1_229' title='bbox 881 3435 913 3532; x_wconf 95' lang='lat'>†</span> <span class='ocrx_word' id='word_1_230' title='bbox 936 3441 1121 3508; x_wconf 76' lang='lat' dir='ltr'><strong>rosanae</strong></span> <span class='ocrx_word' id='word_1_231' title='bbox 1144 3438 1351 3503; x_wconf 65' lang='lat' dir='ltr'><strong>roncore</strong></span> <span class='ocrx_word' id='word_1_232' title='bbox 1373 3435 1434 3502; x_wconf 81' lang='lat' dir='ltr'><strong>ne</strong></span> <span class='ocrx_word' id='word_1_233' title='bbox 1458 3427 1585 3508; x_wconf 60' lang='lat' dir='ltr'><strong>nor!</strong></span> <span class='ocrx_word' id='word_1_234' title='bbox 1607 3426 1771 3522; x_wconf 81' lang='lat' dir='ltr'><strong>coun†</strong></span> <span class='ocrx_word' id='word_1_235' title='bbox 2180 3487 2184 3494; x_wconf 76' lang='grc'><strong><em>,</em></strong></span> 
     </span>
    </p>

    <p class='ocr_par' dir='ltr' id='par_1_6' title="bbox 880 3530 2214 3656">
     <span class='ocr_line' id='line_1_24' title="bbox 880 3530 2214 3656; baseline -0.001 -22"><span class='ocrx_word' id='word_1_236' title='bbox 880 3561 1024 3656; x_wconf 85' lang='lat' dir='ltr'><strong>†uro</strong></span> <span class='ocrx_word' id='word_1_237' title='bbox 1045 3567 1232 3634; x_wconf 74' lang='lat' dir='ltr'><strong>romane</strong></span> <span class='ocrx_word' id='word_1_238' title='bbox 1256 3562 1432 3629; x_wconf 77' lang='lat' dir='ltr'><strong>outone</strong></span> <span class='ocrx_word' id='word_1_239' title='bbox 1455 3566 1517 3630; x_wconf 80' lang='lat' dir='ltr'><strong>au</strong></span> <span class='ocrx_word' id='word_1_240' title='bbox 1540 3563 1762 3632; x_wconf 79' lang='lat' dir='ltr'><strong>nacararu</strong></span> <span class='ocrx_word' id='word_1_241' title='bbox 1785 3567 2009 3634; x_wconf 80' lang='lat' dir='ltr'><strong>rorarorc</strong></span> <span class='ocrx_word' id='word_1_242' title='bbox 2033 3530 2214 3632; x_wconf 68' lang='grc' dir='ltr'><strong>ιοῖῐόιῖ</strong></span> 
     </span>
    </p>
   </div>
   <div class='ocr_carea' id='block_1_4' title="bbox 789 3659 2215 4022">
    <p class='ocr_par' dir='ltr' id='par_1_7' title="bbox 789 3659 2215 4022">
     <span class='ocr_line' id='line_1_25' title="bbox 789 3659 2215 3803; baseline 0.004 -49"><span class='ocrx_word' id='word_1_243' title='bbox 789 3690 1004 3756; x_wconf 69' lang='lat' dir='ltr'><strong>lorraine</strong></span> <span class='ocrx_word' id='word_1_244' title='bbox 1032 3691 1157 3756; x_wconf 81' lang='lat' dir='ltr'><strong>uacua</strong></span> <span class='ocrx_word' id='word_1_245' title='bbox 1170 3659 1345 3769; x_wconf 61' lang='grc' dir='ltr'><strong>’ὁὸῐιίι</strong></span> <span class='ocrx_word' id='word_1_246' title='bbox 1528 3773 1575 3796; x_wconf 52' lang='grc'><strong>-</strong></span> <span class='ocrx_word' id='word_1_247' title='bbox 2094 3785 2215 3803; x_wconf 48' lang='grc'><strong>.-</strong></span> 
     </span>
     <span class='ocr_line' id='line_1_26' title="bbox 882 3801 2212 3924; baseline 0.003 -48"><span class='ocrx_word' id='word_1_248' title='bbox 882 3801 914 3896; x_wconf 94' lang='lat'>†</span> <span class='ocrx_word' id='word_1_249' title='bbox 937 3813 1026 3876; x_wconf 85' lang='lat' dir='ltr'><strong>uro</strong></span> <span class='ocrx_word' id='word_1_250' title='bbox 1051 3813 1321 3924; x_wconf 49' lang='lat' dir='ltr'><strong>usurpem-oc</strong></span> <span class='ocrx_word' id='word_1_251' title='bbox 1336 3810 1512 3876; x_wconf 74' lang='lat' dir='ltr'><strong>oratore</strong></span> <span class='ocrx_word' id='word_1_252' title='bbox 1528 3815 1589 3880; x_wconf 81' lang='lat' dir='ltr'><strong>au</strong></span> <span class='ocrx_word' id='word_1_253' title='bbox 1604 3813 1776 3882; x_wconf 79' lang='lat' dir='ltr'><strong>sucaru</strong></span> <span class='ocrx_word' id='word_1_254' title='bbox 1792 3813 2060 3881; x_wconf 80' lang='lat' dir='ltr'><strong>rorarorca</strong></span> <span class='ocrx_word' id='word_1_255' title='bbox 2081 3817 2212 3880; x_wconf 76' lang='lat' dir='ltr'><strong>ceron</strong></span> 
     </span>
     <span class='ocr_line' id='line_1_27' title="bbox 789 3927 1339 4022; baseline 0.009 -28"><span class='ocrx_word' id='word_1_256' title='bbox 789 3933 1004 3998; x_wconf 75' lang='lat' dir='ltr'><strong>mursano</strong></span> <span class='ocrx_word' id='word_1_257' title='bbox 1026 3935 1151 3999; x_wconf 82' lang='lat' dir='ltr'><strong>rucrr</strong></span> <span class='ocrx_word' id='word_1_258' title='bbox 1174 3937 1284 4000; x_wconf 84' lang='lat' dir='ltr'><strong>corn</strong></span> <span class='ocrx_word' id='word_1_259' title='bbox 1307 3927 1339 4022; x_wconf 94' lang='lat'>†</span> 
     </span>
    </p>
   </div>
   <div class='ocr_carea' id='block_1_5' title="bbox 675 4045 2211 4531">
    <p class='ocr_par' dir='ltr' id='par_1_8' title="bbox 675 4045 2211 4531">
     <span class='ocr_line' id='line_1_28' title="bbox 675 4045 2211 4158; baseline 0.008 -42"><span class='ocrx_word' id='word_1_260' title='bbox 675 4146 678 4154; x_wconf 27' lang='grc' dir='ltr'>Ι</span> <span class='ocrx_word' id='word_1_261' title='bbox 884 4045 1003 4142; x_wconf 79' lang='lat' dir='ltr'><strong>†ego</strong></span> <span class='ocrx_word' id='word_1_262' title='bbox 1035 4050 1204 4144; x_wconf 74' lang='lat' dir='ltr'><strong>gregorius</strong></span> <span class='ocrx_word' id='word_1_263' title='bbox 1237 4050 1322 4124; x_wconf 81' lang='lat' dir='ltr'><strong>filius</strong></span> <span class='ocrx_word' id='word_1_264' title='bbox 1345 4052 1468 4158; x_wconf 77' lang='lat' dir='ltr'><strong>domini</strong></span> <span class='ocrx_word' id='word_1_265' title='bbox 1504 4054 1603 4149; x_wconf 73' lang='lat' dir='ltr'><strong>sergii</strong></span> <span class='ocrx_word' id='word_1_266' title='bbox 1627 4065 1760 4149; x_wconf 84' lang='lat' dir='ltr'><strong>rogatus</strong></span> <span class='ocrx_word' id='word_1_267' title='bbox 1783 4079 1801 4126; x_wconf 86' lang='lat' dir='ltr'><strong>a</strong></span> <span class='ocrx_word' id='word_1_268' title='bbox 1824 4057 2055 4150; x_wconf 84' lang='lat' dir='ltr'><strong>suprascriptos</strong></span> <span class='ocrx_word' id='word_1_269' title='bbox 2089 4055 2211 4148; x_wconf 68' lang='lat' dir='ltr'><strong>iugale</strong></span> 
     </span>
     <span class='ocr_line' id='line_1_29' title="bbox 788 4173 1111 4272; baseline 0.015 -30"><span class='ocrx_word' id='word_1_270' title='bbox 788 4173 862 4246; x_wconf 87' lang='lat' dir='ltr'><strong>testi</strong></span> <span class='ocrx_word' id='word_1_271' title='bbox 885 4174 1058 4270; x_wconf 89' lang='lat' dir='ltr'><strong>subscripsi</strong></span> <span class='ocrx_word' id='word_1_272' title='bbox 1080 4175 1111 4272; x_wconf 94' lang='lat'>†</span> 
     </span>
     <span class='ocr_line' id='line_1_30' title="bbox 882 4293 2211 4406; baseline 0.005 -31"><span class='ocrx_word' id='word_1_273' title='bbox 882 4304 913 4398; x_wconf 88' lang='lat'>†</span> <span class='ocrx_word' id='word_1_274' title='bbox 936 4305 1008 4398; x_wconf 80' lang='lat' dir='ltr'><strong>Ego</strong></span> <span class='ocrx_word' id='word_1_275' title='bbox 1024 4305 1194 4400; x_wconf 71' lang='lat' dir='ltr'><strong>gregorius</strong></span> <span class='ocrx_word' id='word_1_276' title='bbox 1207 4307 1344 4380; x_wconf 86' lang='lat' dir='ltr'><strong>Curialis</strong></span> <span class='ocrx_word' id='word_1_277' title='bbox 1358 4315 1390 4386; x_wconf 88' lang='lat' dir='ltr'><strong>et</strong></span> <span class='ocrx_word' id='word_1_278' title='bbox 1401 4307 1586 4381; x_wconf 70' lang='lat' dir='ltr'><strong>accinimus</strong></span> <span class='ocrx_word' id='word_1_279' title='bbox 1600 4319 1672 4403; x_wconf 85' lang='lat' dir='ltr'><strong>post</strong></span> <span class='ocrx_word' id='word_1_280' title='bbox 1687 4293 1953 4406; x_wconf 83' lang='lat' dir='ltr'><strong>subscriptionem</strong></span> <span class='ocrx_word' id='word_1_281' title='bbox 1967 4309 2097 4384; x_wconf 85' lang='lat' dir='ltr'><strong>testium</strong></span> <span class='ocrx_word' id='word_1_282' title='bbox 2112 4329 2211 4382; x_wconf 84' lang='lat' dir='ltr'><strong>com·</strong></span> 
     </span>
     <span class='ocr_line' id='line_1_31' title="bbox 788 4425 1763 4531; baseline 0.011 -33"><span class='ocrx_word' id='word_1_283' title='bbox 788 4429 876 4523; x_wconf 81' lang='lat' dir='ltr'><strong>plari</strong></span> <span class='ocrx_word' id='word_1_284' title='bbox 897 4427 934 4500; x_wconf 79' lang='lat' dir='ltr'><strong>&#39;et</strong></span> <span class='ocrx_word' id='word_1_285' title='bbox 957 4428 1082 4504; x_wconf 86' lang='lat' dir='ltr'><strong>absolvi</strong></span> <span class='ocrx_word' id='word_1_286' title='bbox 1103 4452 1162 4526; x_wconf 88' lang='lat' dir='ltr'><strong>per</strong></span> <span class='ocrx_word' id='word_1_287' title='bbox 1184 4436 1348 4508; x_wconf 84' lang='lat' dir='ltr'><strong>nominata</strong></span> <span class='ocrx_word' id='word_1_288' title='bbox 1371 4425 1496 4508; x_wconf 79' lang='lat' dir='ltr'><strong>decima</strong></span> <span class='ocrx_word' id='word_1_289' title='bbox 1519 4431 1705 4509; x_wconf 86' lang='lat' dir='ltr'><strong>indictione.</strong></span> <span class='ocrx_word' id='word_1_290' title='bbox 1731 4433 1763 4531; x_wconf 95' lang='lat'><em>†</em></span> 
     </span>
    </p>
   </div>
   <div class='ocr_carea' id='block_1_6' title="bbox 1367 4831 1613 4874">
    <p class='ocr_par' dir='ltr' id='par_1_9' title="bbox 1367 4831 1613 4874">
     <span class='ocr_line' id='line_1_32' title="bbox 1367 4831 1613 4874; baseline 0.008 -3"><span class='ocrx_word' id='word_1_291' title='bbox 1367 4831 1613 4874; x_wconf 52' lang='lat' dir='ltr'><em>m</em></span> 
     </span>
    </p>
   </div>
   <div class='ocr_carea' id='block_1_7' title="bbox 0 0 2482 6532">
    <p class='ocr_par' dir='ltr' id='par_1_10' title="bbox 0 0 2482 6532">
     <span class='ocr_line' id='line_1_33' title="bbox 0 0 2482 6532; baseline 0 9"><span class='ocrx_word' id='word_1_292' title='bbox 0 0 2482 6532; x_wconf 95' lang='lat' dir='ltr'><strong> </strong></span> 
     </span>
    </p>
   </div>
  </div>
 </body>
</html>
