4954 6532
390 1135 480 1230 †ln
503 1133 634 1204 nomine
658 1132 781 1206 domiui
804 1132 857 1206 dei
881 1130 1047 1206 salvatoris
1069 1133 1171 1204 nostri
1193 1131 1290 1208 ihesu
1311 1133 1431 1208 Christi
1453 1135 1632 1228 Imperante
1647 1139 1714 1210 do·-
1778 1161 1832 1210 an.

296 1263 385 1333 mino
408 1271 520 1334 nostro
544 1261 753 1334 Constantino
782 1284 901 1354 magno
933 1262 1129 1356 Imperatore
1159 1285 1242 1333 nuno
1271 1263 1520 1357 quadragesimo
1547 1263 1701 1356 septimo.
1763 1268 1858 1348 955.-

298 1388 352 1459 sed
376 1397 409 1460 et
432 1393 568 1458 romano
590 1411 709 1480 magno
724 1388 918 1480 imperatore
933 1386 1003 1458 eius
1018 1387 1086 1457 filio
1102 1410 1185 1458 anno
1200 1388 1324 1458 decimo
1341 1389 1393 1459 die
1408 1387 1570 1460 tricesima
1592 1389 1710 1460 mensis

298 1511 405 1604 aprilis
429 1513 602 1584 indictione
626 1512 721 1582 tertia
745 1511 869 1582 decima
898 1511 1047 1604 neapoli:
1075 1509 1206 1583 Certum
1231 1523 1279 1584 cst
1302 1536 1362 1584 nos
1384 1513 1477 1584 leone
1501 1523 1533 1585 et
1557 1515 1709 1606 gregorio

295 1639 430 1710 uterinis
453 1637 614 1732 germanis
637 1637 710 1708 tiliis
734 1638 867 1733 qrddem
891 1637 1015 1709 domini
1049 1640 1133 1732 petri
1166 1637 1317 1710 monachi
1341 1660 1403 1730 ego
1427 1638 1592 1708 nominato
1615 1639 1712 1712 leone

297 1783 373 1838 cum
397 1788 586 1838 cnumusnm
611 1775 644 1836 et
666 1765 833 1838 voluntate
856 1768 1013 1858 presentis
1031 1768 1132 1839 marie
1148 1767 1282 1840 honeste
1298 1766 1416 1838 lemine
1432 1767 1579 1858 coniugis
1595 1791 1711 1840 meae:

297 1895 327 1962 Α
350 1893 491 1986 presenti
514 1893 567 1962 die
591 1892 806 1984 promtissima
829 1893 993 1964 voluntate
1016 1895 1285 1967 commutabimus
1309 1902 1341 1964 et
1364 1893 1553 1964 tradidimus
1577 1893 1633 1962 tibi
1651 1897 1710 1964 do·

296 2018 388 2088 mino
412 2018 568 2110 stephano
591 2016 659 2088 filio
683 2019 846 2112 quondam
872 2020 994 2090 domiui
1012 2071 1165 2093 .......
1187 2023 1280 2090 lDest
1303 2019 1428 2111 integra
1452 2041 1520 2108 una,
1538 2019 1623 2113 petia
1647 2043 1713 2092 no·

297 2154 377 2212 suas
401 2141 440 2211 de
463 2150 563 2212 terras
596 2165 661 2235 que
693 2150 829 2213 vocatur
861 2144 901 2213 ad
933 2145 988 2212 illa
1011 2144 1156 2236 pischina
1179 2145 1288 2236 'posita
1318 2145 1352 2214 in
1383 2143 1456 2214 loco
1487 2145 1544 2240 qui
1575 2155 1710 2218 vocatur

297 2268 486 2342 monianum
516 2291 591 2338 cum
625 2269 795 2340 arvoribus
828 2279 861 2342 et
890 2271 1059 2340 introitum
1092 2293 1188 2340 suum
1217 2279 1250 2338 et
1278 2270 1498 2342 omnibus·eis
1523 2273 1713 2364 generaliter

297 2393 542 2488 pertinentibus.
579 2395 636 2486 qui
670 2393 803 2462 coheret
838 2392 899 2462 sivi
931 2393 1077 2460 utribus
1100 2393 1246 2483 partibus
1270 2402 1317 2464 est
1340 2405 1425 2466 terre
1448 2403 1504 2466 tua
1527 2407 1560 2468 et
1582 2398 1622 2466 ab
1646 2399 1709 2470 alia

299 2528 405 2591 autem
427 2528 519 2612 parte
542 2525 590 2590 est
612 2523 698 2588 terra
723 2517 782 2610 qui
805 2517 867 2586 fuit
890 2519 930 2590 de
954 2517 1103 2610 gothone.
1135 2520 1228 2590 Unde
1257 2521 1338 2592 nihil
1361 2523 1455 2594 nobis
1480 2525 1596 2598 exinde
1629 2527 1717 2597 intus
1744 2572 1750 2582 ·

243 2691 246 2700 ·
300 2643 480 2713 nominatas
503 2642 702 2714 coherenties
725 2641 850 2736 aliquot
873 2643 1028 2712 remansit
1051 2651 1107 2712 aut
1130 2645 1374 2716 reservavimus·
1388 2669 1447 2717 nec
1466 2648 1500 2716 in
1530 2647 1633 2720 aliena
1655 2673 1712 2718 cu-

156 2753 162 2774 ⁸
298 2765 414 2858 iusque
437 2788 572 2858 persona
597 2775 678 2859 quot
704 2765 786 2837 absit
809 2765 996 2836 comisimus
1013 2775 1069 2836 aut
1092 2767 1158 2838 iam
1173 2769 1405 2842 committimus
1421 2779 1585 2864 potestate.
1609 2773 1654 2844 lta
1679 2781 1717 2842 ut

298 2913 318 2958 a
342 2909 429 2960 nunc
452 2897 485 2960 et
508 2889 656 2982 deinceps
679 2889 745 2960 iam
771 2889 855 2960 dicta
878 2891 1004 2983 integra
1021 2915 1085 2962 una
1101 2893 1186 2985 petie
1201 2905 1311 2966 nostra
1329 2895 1368 2965 de
1383 2899 1604 2987 prenominata
1629 2905 1716 2968 terra

301 3040 368 3110 que
392 3025 527 3088 vocatam
550 3018 589 3086 ad
613 3015 665 3086 illa
690 3016 834 3110 pischina
858 3017 960 3111 posita
995 3021 1030 3090 in
1052 3020 1218 3090 nominato
1240 3021 1314 3090 loco
1337 3022 1527 3093 muniauum
1557 3045 1632 3094 cum
1656 3048 1717 3093 ar·

298 3145 433 3216 roribus
456 3149 490 3216 et
497 3144 679 3234 introitum
703 3167 800 3218 suum
822 3154 855 3216 et
879 3147 1031 3217 omnibus
1066 3147 1114 3218 eis
1143 3149 1336 3239 generaliter
1359 3151 1593 3242 pertinentibus
1615 3151 1712 3222 sicuti

297 3271 477 3341 nominatas
500 3269 698 3340 coherentias
721 3270 912 3340 circundant
934 3269 1019 3341 sieut
1040 3269 1190 3362 superius
1213 3268 1333 3358 legitur
1356 3271 1390 3338 in
1406 3275 1596 3363 presentisa
1620 3274 1715 3344 nobis

301 3399 358 3470 tibi
381 3399 422 3468 sit
445 3407 620 3468 cumulatas
646 3406 679 3468 et
703 3399 833 3468 traditus
849 3405 881 3468 et
895 3397 930 3468 iu
945 3404 1001 3467 tua
1018 3395 1147 3489 tuisque
1170 3393 1343 3466 heredibus
1365 3395 1407 3463 sit
1433 3404 1588 3486 potestate
1614 3399 1717 3487 quid-

299 3521 377 3616 quid
402 3499 518 3592 exinde
542 3524 647 3592 iecere
670 3523 852 3593 volueritis.
880 3529 914 3592 et
936 3543 1043 3614 neque
1067 3547 1085 3590 a
1109 3520 1201 3591 nobis
1224 3519 1391 3590 nominato
1407 3518 1500 3588 leone
1512 3527 1547 3586 et
1560 3520 1714 3610 gregorio

299 3649 434 3721 uterinis
458 3649 620 3741 germanis
655 3671 717 3739 ego
749 3649 917 3718 nominato
946 3649 1039 3717 leone
1065 3671 1141 3718 cum
1172 3664 1362 3716 consensum
1391 3653 1424 3715 et
1446 3644 1612 3716 voluntate
1635 3666 1717 3740 pre-

173 3831 178 3841 .
297 3778 396 3846 sentis
419 3775 583 3844 nominate
605 3774 707 3843 marie
730 3773 864 3844 honeste
887 3775 1004 3844 lemine
1027 3773 1174 3864 coniugis
1189 3795 1279 3843 meae
1302 3795 1408 3865 neque
1432 3798 1451 3842 a
1474 3774 1591 3844 uostris
1614 3774 1716 3846 heru-

299 3903 393 3975 dibus
417 3923 477 3971 nec
500 3925 519 3970 n
542 3899 635 3969 uobis
658 3899 802 3991 personis
826 3899 1001 3968 summissis
1024 3899 1114 3968 nullo
1137 3912 1282 3992 tempore
1303 3922 1483 3992 numquam
1500 3909 1534 3970 tu
1550 3900 1717 3970 nominato

299 4030 432 4101 domino
455 4025 610 4120 stephano
634 4034 690 4096 aut
711 4026 848 4097 heredes
881 4026 945 4096 tuis
974 4025 1119 4095 habeatis
1147 4026 1263 4096 exinde
1287 4049 1482 4119 quacunque
1505 4025 1715 4120 requisitione

301 4162 364 4238 aut,
377 4150 523 4224 molestia
545 4149 587 4220 hu
611 4171 697 4218 nuuc
720 4156 752 4219 et
775 4149 809 4217 in
827 4149 991 4242 perpetuis
1008 4147 1216 4240 temporibus.
1239 4149 1371 4241 iusuper
1386 4149 1636 4241 omnitempore
1656 4171 1716 4220 nos

303 4287 335 4350 ct
356 4277 490 4349 heredes
513 4274 630 4345 nostris
653 4273 712 4343 tihi
736 4273 864 4365 tuisque
887 4271 1059 4343 heredibus
1083 4271 1200 4341 exinde
1229 4294 1270 4341 av
1293 4270 1382 4341 omni
1405 4269 1537 4340 homine
1561 4271 1716 4365 omnique

146 4473 162 4490 ,
300 4423 437 4496 persona
460 4423 502 4470 ex
526 4396 676 4468 omnibus
698 4395 843 4490 partibus
866 4396 900 4465 in
917 4395 1066 4466 omnihus
1082 4404 1238 4466 antestare
1254 4403 1287 4463 et
1304 4394 1468 4464 defensare
1484 4395 1714 4485 promittimus.

299 4545 361 4617 pro
384 4547 425 4594 eo
446 4529 527 4617 quot
543 4521 577 4590 iu
595 4517 750 4613 presentis
765 4526 798 4586 at
813 4517 918 4588 vicem
934 4519 1050 4589 exinde
1067 4519 1101 4587 iu
1117 4516 1334 4587 oomututioue
1350 4515 1716 4609 recompensationisque

303 4650 484 4743 accepimus
507 4673 527 4718 n
550 4657 583 4718 te
607 4647 736 4719 exinde.
763 4645 844 4716 idest
866 4643 1007 4736 integras
1037 4653 1103 4714 tres
1133 4642 1235 4734 petias
1258 4651 1330 4712 tuas
1353 4642 1393 4712 de
1416 4651 1518 4713 terras
1541 4643 1658 4735 positas
1681 4643 1717 4712 in

301 4777 376 4847 loco
390 4775 449 4870 qui
461 4773 597 4846 vocatur
612 4797 798 4867 grummum
808 4795 847 4842 ex
860 4771 980 4866 quibus
993 4793 1056 4840 una
1070 4793 1159 4842 exeo
1175 4777 1260 4840 terra
1277 4793 1342 4864 que
1358 4779 1495 4842 vocatur
1512 4770 1553 4840 ad
1564 4791 1660 4862 aspru
1683 4778 1716 4840 at

301 4909 430 4995 pertusa
454 4909 488 4970 et
511 4898 573 4972 alie
596 4899 655 4998 qni
678 4907 725 4972 cst
747 4896 887 4992 corrigia
909 4895 956 4970 ibi
978 4894 1086 4990 ipsum
1113 4895 1154 4966 ad
1178 4915 1308 4988 asprum
1337 4894 1432 4964 tertia
1456 4895 1514 4990 qui
1537 4894 1716 4988 appellatur

401 5031 467 5102 tot.
494 5029 543 5103 ΙΙ,
601 5041 611 5066 “
1349 5031 1371 5092 6
