4900 6528
1372 662 1517 758 (254)

1379 954 1520 1027 cdxix,

619 1233 672 1282 an.
831 1216 862 1312 †
885 1218 921 1286 ln
945 1214 1075 1286 nomine
1099 1213 1221 1284 domini
1244 1212 1297 1284 dei
1320 1213 1486 1282 salvatoris
1510 1213 1611 1282 nostri
1635 1210 1730 1286 meai
1753 1210 1873 1287 Cluisli
1895 1213 2069 1312 hriperame
2093 1224 2164 1296 do-

595 1345 682 1407 979.
735 1346 825 1416 mino
849 1355 961 1415 nodll’ss
982 1343 1096 1414 basilio
1119 1361 1237 1432 magno
1260 1338 1457 1430 lmpel'dlfil'e
1480 1359 1565 1410 illm
1588 1339 1706 1412 cobbo
1728 1341 1868 1414 ΜΠ).
1886 1345 1943 1418 sed
1957 1357 1991 1420 θῐ
2005 1361 2159 1424 dominn-

736 1472 806 1544 tino
828 1491 951 1566 magno
974 1469 1168 1558 imperatore
1193 1461 1387 1534 hetereius
1415 1483 1501 1534 anno
1534 1463 1788 1559 quintodecimo.
1813 1466 1876 1542 Dis
1898 1471 2159 1566 septimadecima

734 1597 851 1668 mensis
874 1591 972 1684 magii
995 1588 1169 1660 indictione
1192 1596 1284 1662 sexta
1309 1589 1452 1686 neapoli:
1473 1590 1606 1664 Certum
1630 1602 1679 1665 est
1692 1615 1752 1666 nos
1766 1603 1896 1690 petrum
1910 1607 1944 1669 et
1965 1597 2158 1695 stephanum

734 1718 894 1814 germanis
917 1713 990 1786 liliis
1012 1713 1053 1786 de
1076 1713 1189 1786 tresari
1213 1715 1272 1810 qni
1298 1735 1512 1810 supranomen
1535 1715 1605 1790 rico
1627 1732 1865 1794 comminentes
1893 1729 2003 1795 autem
2028 1723 2062 1794 in
2085 1725 2156 1798 loco

731 1845 789 1940 qui
811 1852 947 1914 uocatur
968 1863 1137 1914 cesaaurea
1161 1841 1298 1916 raviosa.
1328 1839 1359 1910 Α
1388 1842 1529 1936 presenti
1557 1841 1612 1916 die
1634 1845 1850 1938 promtissima
1872 1847 2048 1922 volumtate
2070 1873 2153 1944 pro-

731 1971 893 2042 mictimus
916 1969 1008 2041 vobis
1031 1969 1164 2042 domino
1192 1969 1324 2041 iohanni
1354 1969 1534 2042 venerabili
1562 1993 1727 2066 ygumeno
1757 1973 1942 2046 monasterii
1970 1985 2154 2050 meorum

733 2096 830 2190 sergii
853 2107 887 2168 et
909 2093 1018 2166 baschi
1041 2096 1099 2191 qui
1123 2117 1209 2166 nune
1233 2107 1447 2192 congregatus
1470 2120 1506 2170 es
1528 2099 1564 2170 in
1586 2099 1783 2172 monasterio
1807 2109 1992 2174 sancmrum
2007 2101 2154 2176 theodori

731 2239 765 2296 et
787 2223 955 2296 sehmtiuni
978 2221 1038 2317 qui
1062 2221 1239 2316 appellatur
1262 2224 1421 2318 casapicta
1447 2223 1605 2298 situmin
1634 2223 1801 2298 viridiario
1832 2226 1926 2302 cuius
1957 2226 2097 2321 hospites
2121 2237 2154 2299 et

732 2351 834 2422 serbis
858 2371 968 2422 sumus
992 2349 1135 2443 partibus
1167 2347 1280 2418 militie
1303 2357 1336 2418 et
1359 2347 1505 2444 partibus
1533 2349 1814 2442 langobardorum.
1841 2375 1882 2424 eo
1904 2353 1994 2446 quod
2018 2363 2054 2426 tu
2078 2375 2155 2426 eum
2231 2327 2236 2336 Ι

732 2491 828 2552 eunte
851 2487 958 2550 vestra
980 2475 1231 2570 congregatione
1255 2477 1489 2550 monachornm
1512 2477 1606 2550 nohis
1620 2477 1766 2550 chartam
1789 2479 2011 2572 promissionis
2035 2481 2156 2552 lecistis

731 2601 827 2674 bodie
851 2603 944 2672 tertia
968 2603 1021 2673 die
1044 2611 1205 2698 quatenus
1228 2604 1345 2674 amodo
1368 2611 1400 2674 et
1423 2624 1550 2696 semper
1572 2623 1632 2672 nos
1645 2611 1678 2673 et
1692 2600 1826 2674 heredes
1847 2603 1965 2674 nostris
1988 2603 2154 2678 licentiam

729 2732 920 2804 haberemus
943 2757 962 2802 a
986 2731 1088 2803 bbere
1111 2731 1261 2802 maritare
1285 2742 1317 2802 et
1339 2753 1500 2802 uxorare:
1527 2730 1677 2824 lDeoque
1693 2739 1725 2802 et
1740 2752 1799 2800 nos
1813 2731 2038 2824 promictimus
2061 2733 2151 2804 vobis

729 2874 767 2934 ut
791 2862 908 2932 amodo
931 2875 964 2934 et
987 2883 1113 2956 semper
1137 2861 1198 2932 hac
1221 2861 1383 2956 perpetuis
1407 2857 1608 2954 temporibus
1631 2880 1690 2930 nos
1713 2867 1746 2929 et
1769 2852 1902 2928 heredes
1934 2859 2051 2930 uostris
2074 2883 2149 2931 ma-
2232 2913 2238 2922 .

725 2989 821 3062 sculis
854 2988 993 3060 fundatis
1015 2999 1048 3060 et
1070 2989 1171 3062 serbis
1207 2989 1320 3060 vestris
1344 3011 1413 3061 esse
1448 2987 1621 3060 debeamus
1644 2987 1679 3058 in
1702 2985 1796 3058 tertia
1820 2995 1927 3056 vestra
1951 2986 1992 3056 de
2014 2987 2149 3059 fundum

731 3143 773 3190 ex
797 3118 867 3215 ipso
891 3118 964 3188 loeo
986 3139 1155 3190 casaaurea
1178 3126 1211 3188 et
1233 3116 1326 3190 vobis
1349 3116 1549 3212 posterisque
1573 3115 1686 3188 vestris
1709 3123 1955 3208 memoratoque
1987 3125 2096 3186 saneto
2119 3127 2151 3186 et

730 3244 904 3316 venerabili
927 3255 1035 3316 vestro
1057 3244 1251 3316 monasterio
1274 3245 1351 3318 dare
1374 3253 1407 3316 et
1429 3245 1614 3340 persolbere
1637 3265 1695 3316 sen
1719 3247 1824 3318 iacere
1849 3242 2022 3316 debeamus
2039 3267 2150 3318 omnes

730 3372 896 3446 serbitium
921 3384 953 3444 et
975 3395 1107 3444 censum
1130 3395 1188 3446 seu
1211 3373 1442 3444 consuetudine
1465 3397 1522 3468 per
1545 3373 1734 3445 ratiocineas
1756 3372 1851 3446 sicuti
1874 3373 2012 3446 lecimus
2030 3383 2063 3446 et
2080 3374 2146 3444 de-

669 3509 676 3524 '
732 3498 838 3572 dimus
862 3522 921 3570 nos
944 3509 977 3570 et
999 3497 1183 3594 parentibus
1207 3496 1324 3570 nostris
1348 3497 1441 3569 vobis
1465 3506 1497 3568 et
1521 3497 1561 3568 ad
1585 3497 1837 3568 antecessoribus
1860 3509 1893 3568 et
1916 3497 1958 3568 ad
1981 3497 2149 3570 autoribus

730 3627 843 3698 vestris
867 3627 987 3724 absque
1010 3626 1101 3698 omni
1123 3635 1228 3696 vestm
1261 3625 1556 3698 ammaricationem
1580 3623 1667 3698 nulla
1691 3623 1783 3696 vobis
1806 3625 1972 3698 mictentes
2004 3623 2149 3698 boccan-

728 3751 860 3826 sionem.
883 3762 932 3824 set
954 3775 1013 3823 nos
1037 3763 1070 3824 et
1092 3751 1226 3824 heredes
1255 3750 1371 3822 nostris
1399 3750 1548 3822 masculis
1571 3749 1652 3822 lilim
1681 3762 1804 3822 nostms
1833 3751 1967 3824 feminas
1999 3777 2019 3821 a
2048 3751 2150 3824 libero

730 3878 879 3950 maritare
903 3878 1063 3951 licentiam
1086 3876 1272 3952 babeamus.
1297 3885 1345 3948 set
1367 3878 1395 3948 ei
1419 3901 1461 3947 er
1485 3877 1562 3972 ipsis
1597 3879 1746 3950 masculis
1771 3901 1837 3950 non
1860 3881 2049 3950 remanserit
2073 3902 2150 3952 ma-

726 4008 852 4080 sculum
876 4033 895 4078 a
920 4023 996 4080 tunc
1021 4034 1084 4082 una
1108 4033 1152 4082 ex
1174 4011 1242 4104 ipse
1265 4008 1384 4082 lemine
1406 4017 1439 4079 et
1462 4009 1596 4083 heredes
1621 4009 1690 4080 eius
1713 4009 1748 4079 in
1764 4017 1942 4082 memorata
1965 4007 2060 4080 tertia
2083 4031 2147 4080 ve-

727 4143 792 4204 stra
816 4157 859 4204 ex
882 4134 988 4230 ipsum
1011 4137 1149 4210 fundum
1171 4135 1302 4208 lundata
1325 4157 1393 4207 esse
1418 4133 1556 4208 debemt
1578 4132 1613 4202 in
1637 4134 1752 4208 eodem
1774 4135 1888 4208 ordine
1911 4145 1948 4206 ut
1972 4157 2068 4230 super
2092 4134 2146 4206 le-

727 4257 828 4348 gitur.
855 4257 939 4342 Qnia
963 4259 1008 4332 ita
1031 4258 1124 4334 nohis
1147 4261 1347 4354 complacui:
1375 4260 1410 4330 Si
1433 4269 1542 4332 autem
1566 4283 1625 4334 uos
1648 4271 1704 4334 eut
1726 4261 1861 4334 heredes
1884 4259 2000 4332 nostris
2031 4262 2147 4356 quovis

727 4393 870 4478 tempore
886 4395 995 4456 contra
1011 4385 1093 4458 hanc
1108 4387 1285 4460 chartulam
1302 4385 1522 4482 promissionis
1539 4397 1574 4456 ut
1589 4409 1686 4481 super
1702 4385 1819 4480 legitur
1831 4385 1943 4458 venire
1959 4409 2146 4480 presumse-

726 4514 826 4588 rimus
856 4529 890 4588 et
920 4515 1054 4594 minime
1084 4516 1366 4612 adimpleverimus
1388 4515 1449 4587 hec
1472 4513 1581 4588 omnia
1614 4524 1790 4588 memorata
1814 4523 1847 4586 et
1872 4516 1908 4588 in
1940 4515 2061 4612 aliquid
2089 4515 2147 4584 oi-

726 4645 806 4716 iensi
829 4644 985 4718 fuerimus
1008 4667 1066 4739 per
1089 4647 1206 4742 quovis
1229 4645 1364 4718 modum
1387 4653 1444 4718 aut
1459 4643 1636 4718 summissis
1653 4664 1814 4738 personas.
1831 4653 1907 4714 tunc
1923 4643 2146 4738 componimus

724 4767 816 4838 vobis
839 4771 1038 4866 posterisque
1064 4772 1174 4842 vestris
1197 4773 1269 4844 nuri
1291 4771 1373 4842 libra
1396 4795 1461 4844 una
1484 4771 1669 4868 bythiantea
1699 4779 1732 4843 et
1754 4771 1814 4843 hec
1838 4771 1982 4844 chartula
2007 4769 2146 4866 qualiter

724 4899 866 4970 continet
889 4900 981 4972 firme
1006 4893 1190 4992 permaneat
1212 4904 1462 4995 imperpetuum.
1486 4901 1604 4994 scripta
1628 4922 1823 4994 perminus
1856 4902 1988 4976 iohanni
2016 4902 2146 4976 curialis

726 5042 784 5114 per
807 5021 980 5094 indictione
1002 5035 1179 5096 memorata
1202 5036 1290 5097 sexta
1314 5026 1346 5120 †
