4876 6532
876 599 1024 694 (rou)

903 843 1016 962 xciv.

341 1156 371 1249 †
394 1158 431 1228 ln
454 1154 585 1226 nomine
608 1149 734 1224 domini
757 1148 809 1220 dei
832 1144 998 1230 salvatoris
1021 1143 1123 1216 nostri
1145 1141 1241 1212 llresu
1264 1137 1383 1210 Christi
1399 1141 1579 1232 lmpercnte
1604 1147 1670 1214 do·
1747 1158 1800 1203 ³11·

250 1289 337 1360 mino
360 1293 471 1355 nostro
498 1302 632 1354 romano
655 1299 773 1370 magno
797 1277 991 1368 imperatore
1016 1293 1100 1342 anno
1124 1267 1399 1366 septimodecimo.
1417 1267 1476 1338 sed
1500 1278 1533 1340 et
1555 1269 1670 1340 basilio
1723 1269 1811 1329 962.

153 1372 156 1381 V
251 1434 368 1506 magno
391 1411 585 1503 imperatore
607 1406 678 1478 sios
700 1403 768 1474 lilio
794 1423 878 1474 enno
902 1399 1053 1472 moundo.
1076 1397 1137 1470 Die
1165 1396 1433 1470 vicesimaootelra
1460 1395 1579 1468 mensis
1604 1420 1670 1466 au-

252 1538 334 1632 gusti
358 1533 536 1606 indictione
554 1531 669 1626 prinu
683 1526 824 1620 neapoli:
850 1524 979 1596 Certrvm
1004 1533 1052 1594 est
1075 1545 1128 1596 rne
1144 1521 1353 1594 lenediotum
1369 1520 1527 1612 humilem
1551 1541 1672 1592 mona.

237 1661 353 1753 ,chum
375 1658 434 1752 qui
456 1656 492 1728 in
514 1655 664 1729 iniectum
688 1631 800 1726 bonito
824 1647 1042 1742 appellabam:
1070 1644 1264 1740 Aprositi
1289 1645 1340 1718 die
1364 1643 1582 1738 promtissima
1608 1669 1673 1716 vo-

258 1785 380 1854 luntate
404 1805 464 1876 pro
487 1779 719 1852 redemtionem
742 1786 775 1849 et
798 1775 1006 1846 salbetionem
1039 1772 1145 1844 cnime
1169 1794 1241 1850 msc
1276 1773 1379 1846 offero
1404 1779 1436 1842 et
1460 1770 1552 1840 trodo
1582 1773 1675 1844 vobis

255 1907 390 1981 domiuo
411 1906 518 1999 sergio
540 1901 719 2004 venerabili
742 1922 905 1994 ygumeno
929 1897 1114 1974 monosterii
1145 1871 1329 1974 structorum
1354 1893 1503 1968 theodori
1527 1903 1560 1964 et
1582 1895 1675 1964 seba-

260 2035 355 2103 stiani
378 2034 436 2127 qui
460 2031 637 2125 appelletur
660 2029 817 2121 casapicto
839 2025 938 2097 situm
961 2025 996 2094 in
1019 2023 1184 2095 viridario.
1210 2025 1302 2097 lDrsl
1326 2024 1368 2096 de
1384 2030 1556 2094 toramen
1573 2023 1676 2114 posita

234 2173 238 2188 ‘
258 2156 298 2228 ad
321 2165 467 2226 sunctum
481 2154 671 2246 stephanum
687 2153 727 2229 od
743 2151 865 2230 motam
880 2149 1044 2232 tentorio
1058 2148 1222 2242 magisne
1235 2147 1301 2226 hoc
1317 2156 1365 2220 est
1380 2173 1398 2218 s
1414 2156 1505 2242 parte
1521 2146 1678 2229 horientis

261 2283 352 2353 inxts
376 2288 461 2348 terra
484 2278 617 2372 quidem
641 2277 772 2347 iohanni
796 2272 940 2368 germani
963 2275 1029 2346 mei
1053 2275 1192 2374 pusluer
1215 2275 1301 2352 inter
1324 2295 1360 2364 se
1383 2274 1467 2369 sepis
1488 2277 1628 2348 exfinstr
1648 2283 1680 2346 ot

262 2432 281 2477 r
303 2414 393 2500 perte
411 2401 651 2496 septemtrionis
668 2423 748 2477 :curn
773 2409 859 2502 terro
881 2399 1030 2480 stsurltrs
1041 2401 1132 2493 plevi
1148 2409 1325 2477 memorate
1341 2400 1476 2496 ecclesie
1491 2403 1593 2479 suncti
1608 2413 1680 2474 ste-

263 2531 362 2626 phani
384 2529 479 2608 sicuti
497 2527 585 2601 inter
607 2548 642 2613 se
662 2525 735 2606 finit
751 2547 845 2618 sepe.
872 2535 905 2602 ot
928 2549 947 2597 a
969 2535 1060 2618 porto
1083 2525 1281 2606 hominesue
1297 2527 1505 2604 mrsumtum
1529 2538 1578 2599 est
1601 2549 1678 2598 cunr

266 2653 428 2747 reliquum
451 2675 493 2722 ex
516 2651 586 2742 ipso
620 2659 705 2720 terre
729 2671 827 2742 quom
851 2648 885 2718 in
908 2669 982 2719 mea
1005 2650 1168 2721 reservavi
1199 2659 1390 2749 potestatem
1420 2653 1515 2726 sicuti
1539 2653 1623 2726 inter
1648 2675 1683 2722 se

266 2779 347 2850 duos
370 2775 522 2846 termines
544 2773 701 2844 finiuntur
723 2799 826 2847 unum
851 2795 930 2844 vero
954 2777 1090 2847 termine
1114 2775 1173 2870 q'ui
1196 2786 1243 2848 est
1268 2777 1360 2846 fictus
1387 2789 1512 2870 aparte
1535 2785 1682 2868 septem-

268 2903 383 2973 trionis
406 2901 506 2970 alium
529 2909 637 2970 sutem
661 2925 680 2970 a
703 2911 793 2994 parte
816 2903 1002 2974 meridiana.
1019 2911 1051 2974 et
1068 2902 1107 2971 rb
1122 2903 1190 2996 ipsu
1214 2903 1424 2973 meridianem
1439 2912 1563 2994 partem
1578 2903 1683 2970 cohe-

268 3038 319 3099 ret
341 3039 427 3097 terra
450 3025 530 3096 iuris
564 3024 695 3096 ecclesie
727 3037 835 3096 sancte
858 3028 959 3096 marie
984 3029 1022 3098 de
1047 3027 1102 3097 illu
1130 3029 1290 3120 spelunca.
1312 3050 1477 3098 unacum
1514 3027 1684 3111 urvoribus

267 3151 439 3224 irvrctileris
462 3149 515 3220 vel
537 3149 741 3220 infructiferis
765 3163 797 3243 et
820 3173 895 3219 cunr
919 3149 1088 3220 introitum
1110 3173 1205 3220 suum
1229 3174 1286 3245 per
1301 3161 1490 3222 curtnneum
1511 3175 1611 3246 quern
1629 3153 1686 3220 ol·

269 3279 352 3350 iorni
375 3279 415 3348 sd
439 3278 586 3348 sortitos
610 3288 784 3347 memorate
807 3277 904 3371 plevi.
931 3289 963 3347 ot
988 3301 1045 3370 per
1068 3277 1174 3370 ipsum
1203 3279 1365 3376 reliquum
1394 3303 1492 3373 quem
1516 3279 1599 3350 mihi
1622 3301 1685 3350 re-

272 3403 398 3476 servavi
422 3402 553 3473 insimul
576 3429 595 3473 s
615 3415 708 3498 purte
731 3403 967 3495 septemtrionis
990 3404 1080 3472 iuxta
1097 3402 1166 3495 ipsa
1189 3426 1264 3495 sepe
1288 3403 1512 3496 omnibusque.
1537 3405 1583 3473 eis
1605 3407 1687 3496 per-

273 3531 459 3603 tinentibus.
485 3513 621 3624 Deque
645 3530 727 3604 nihil
749 3533 831 3604 milri
856 3527 972 3603 exinde
998 3535 1083 3602 intus
1112 3539 1304 3602 memoratas
1332 3529 1532 3602 coherenties
1556 3529 1686 3624 aliquod

271 3659 422 3728 remansit
445 3667 502 3726 rut
524 3657 686 3728 reservavi
710 3679 770 3728 neo
793 3657 828 3726 in
852 3659 986 3728 alienam
1019 3679 1189 3749 personam
1222 3656 1369 3726 commisi
1392 3656 1445 3728 vel
1470 3655 1586 3726 amodo
1624 3657 1689 3728 ianr

186 3807 193 3820 ·
276 3785 441 3856 committo
476 3793 675 3877 potestatem
702 3796 735 3856 et
758 3787 801 3856 ho
836 3808 923 3856 nunc
946 3796 978 3855 et
1002 3787 1149 3878 deinceps
1173 3811 1192 3854 a
1215 3808 1267 3855 me
1300 3783 1392 3856 vobis
1416 3793 1448 3855 et
1472 3807 1529 3876 per
1564 3807 1623 3854 vos
1654 3785 1689 3854 in

276 3913 388 3984 eodem
411 3921 520 3982 mncto
544 3919 576 3982 et
599 3909 774 3982 venerabili
805 3925 914 3983 vestro
947 3913 1141 3982 monasterio
1165 3914 1206 3984 sit
1229 3913 1379 3982 offertum
1412 3921 1444 3982 et
1469 3911 1621 3980 traditum
1654 3915 1689 3983 in

276 4052 381 4111 vestro
404 4038 615 4132 posterisque.
641 4037 755 4108 vestris
778 4038 841 4107 sint
865 4047 1053 4130 potestatem
1076 4061 1205 4133 queque
1236 4037 1352 4110 exinde
1377 4040 1481 4108 iacere
1506 4037 1687 4110 volueritis.

276 4179 307 4237 et
329 4188 434 4258 neque
458 4189 476 4234 n
500 4177 755 4236 mememorato
779 4163 948 4234 benedicto
972 4165 1131 4234 monacho
1156 4165 1214 4259 qui
1237 4165 1273 4234 in
1295 4165 1447 4237 loricatum
1481 4165 1593 4236 bonito
1623 4189 1688 4260 cp-

278 4293 433 4387 pellebrm
458 4316 564 4387 neque
588 4317 606 4361 r
630 4294 709 4364 meis
731 4291 1017 4364 heredibus‘nullo
1042 4303 1187 4386 tempore
1209 4316 1376 4386 nunquam
1400 4316 1459 4364 vos
1483 4305 1539 4362 aut
1554 4293 1689 4386 posteris

276 4421 390 4492 vestris
412 4443 472 4491 neo
495 4431 691 4490 memoratus
714 4431 747 4488 et
769 4419 959 4490 venerabilis
983 4429 1088 4490 vester
1112 4419 1323 4488 monasterius
1347 4420 1436 4511 quod
1453 4418 1534 4488 absit
1549 4419 1693 4488 habeatis

278 4548 393 4618 exinde
417 4547 589 4640 aliquando
612 4531 1081 4640 quecumque'requisitionem
1106 4553 1161 4612 eut
1184 4543 1328 4612 molestia
1345 4565 1403 4636 per
1418 4542 1544 4612 nullum
1559 4543 1694 4614 modum

278 4695 336 4742 nec
359 4693 417 4765 per
440 4670 616 4742 summissis
646 4668 795 4762 personis
814 4667 856 4736 he
880 4687 966 4735 nunc
989 4677 1022 4736 et
1045 4665 1266 4756 imperpetuis·
1286 4664 1496 4758 temporibus.
1528 4665 1613 4748 Quia
1648 4665 1693 4733 ita

281 4795 360 4867 milri
397 4794 602 4887 complacuit
629 4794 662 4863 Si
687 4804 793 4863 nutem
831 4789 892 4884 ego
916 4801 972 4862 sut
994 4791 1128 4862 heredes
1157 4791 1237 4861 meis
1260 4791 1378 4884 quovis
1413 4801 1558 4884 ternpore
1581 4801 1693 4860 contra

281 4921 361 4992 hane
378 4919 557 4991 chartulam
580 4919 756 4990 offertionis
772 4929 809 4988 ut
824 4941 919 5012 snper
942 4917 1061 5012 legitur
1084 4919 1195 4988 venire
1219 4917 1486 5012 presumserimus
1503 4943 1561 5014 per
1583 4918 1700 5012 quovis
