4954 6532
889 579 1032 668 (aa).

876 858 988 933 [ΧΠ.

343 1117 374 1214 †
394 1120 431 1192 ln
454 1117 584 1192 nomine
608 1113 731 1192 domini
754 1115 807 1192 dei
830 1114 1002 1188 salvatoris
1026 1097 1128 1188 nostri
1150 1115 1243 1190 ihesu
1267 1117 1378 1192 christi
1394 1119 1572 1214 imperante
1588 1127 1655 1200 do-
1727 1140 1779 1188 an.

241 1247 330 1319 mino
351 1255 462 1320 nocuo
485 1243 692 1320 Constantino
714 1265 835 1337 magno
856 1245 1053 1338 Imperatore
1076 1267 1161 1316 anno
1177 1247 1424 1341 quadragesimo
1442 1249 1580 1344 septimo
1595 1258 1652 1327 sed
1704 1249 1790 1316 955.

243 1381 275 1444 et
297 1395 430 1444 romano
453 1394 571 1464 magno
594 1370 788 1463 imperatore
812 1367 881 1440 eius
904 1369 971 1440 tilio
987 1393 1072 1440 anno
1086 1371 1213 1444 decimo
1231 1373 1284 1446 die
1300 1372 1518 1446 tertiadecima
1533 1377 1654 1450 mensis

244 1496 349 1590 aprilis
371 1496 545 1570 indictione
568 1494 783 1569 tertiadecima
805 1494 946 1588 neapoli.
970 1499 1102 1570 Certum
1125 1504 1173 1568 est
1196 1521 1250 1572 me
1266 1499 1449 1592 aligernum
1462 1499 1655 1575 kaietanum

244 1621 345 1693 lilium
369 1623 530 1718 quondam
566 1620 689 1694 domini
722 1619 810 1694 leoni
841 1621 972 1717 prefecti
995 1646 1014 1692 a
1038 1625 1177 1718 presenti
1200 1627 1253 1702 die
1277 1624 1351 1701 dedi
1378 1633 1411 1695 et
1441 1626 1558 1700 tradidi
1592 1627 1654 1701 tiri

244 1747 357 1840 angelo
381 1748 448 1822 filio
469 1752 633 1846 ¹quondam
655 1746 733 1820 boni
760 1774 822 1844 pro
845 1751 917 1826 rice
939 1763 997 1827 tua
1024 1753 1121 1826 simul
1144 1761 1177 1828 et
1199 1776 1261 1849 pro
1281 1751 1353 1826 vice
1376 1751 1463 1824 leoni
1490 1773 1548 1860 seu
1569 1751 1650 1826 boni

240 1875 403 1968 germanis
424 1875 489 1945 tuis
512 1875 575 1948 hoe
597 1882 646 1946 est
666 1875 846 1968 hospitibus
869 1877 966 1948 meis:
994 1879 1035 1950 de
1059 1877 1134 1950 vieo
1156 1878 1215 1974 qni
1230 1877 1417 1948 nominatur
1432 1875 1656 1970 garelianum:

240 1995 307 2067 hoe
330 2008 380 2072 eet
402 1999 571 2092 nepotibus
593 1999 699 2093 angeli
720 1999 847 2094 hospeti
869 2000 957 2074 mei:
983 2002 1067 2074 ldest
1089 2005 1228 2078 fundum
1250 2023 1361 2073 meum
1377 1999 1520 2094 positum
1535 1999 1571 2070 in
1589 2022 1656 2071 no-

242 2117 367 2190 minato
403 2121 477 2191 loco
511 2121 701 2216 garilianum
723 2147 888 2200 unacum
918 2126 1088 2200 introitum
1116 2146 1214 2200 surm
1237 2132 1271 2196 et
1294 2125 1443 2197 omnibus
1465 2123 1528 2196 sivi
1551 2124 1660 2218 perti-

243 2244 390 2318 nentibus
413 2244 585 2321 coherente
607 2247 670 2321 siri
692 2248 733 2320 ab
755 2272 823 2324 uno
845 2250 946 2323 latere
969 2252 1105 2322 fundum
1120 2249 1306 2322 hominibus
1322 2251 1446 2322 domini
1460 2247 1573 2322 lnnissi
1595 2273 1659 2322 eo-

245 2375 331 2468 gnati
353 2375 448 2448 mei:
483 2383 515 2449 et
538 2377 578 2447 de
601 2375 667 2446 alio
688 2376 790 2448 latere
820 2376 953 2446 ooheret
985 2376 1123 2444 fundum
1156 2373 1279 2445 domini
1309 2377 1434 2468 sergii:
1460 2383 1493 2445 et
1516 2378 1556 2448 de
1593 2401 1661 2450 uno

247 2502 347 2597 capite
369 2500 500 2573 ooheret
522 2502 659 2574 fundum
678 2497 868 2572 hominibus
892 2524 934 2571 ex
958 2499 1030 2593 ipso
1053 2499 1152 2570 loco:
1179 2507 1213 2571 et
1236 2499 1276 2568 ab
1300 2499 1365 2571 alio
1392 2499 1497 2595 eapite
1528 2503 1659 2576 ooheret
1749 2549 1755 2560 ι

244 2627 297 2699 ria
321 2626 495 2722 pubblioa:
525 2635 559 2699 et
590 2625 688 2698 habet
709 2648 770 2721 per
791 2645 978 2696 mensuram
1001 2625 1043 2696 de
1072 2624 1276 2719 longitudine
1310 2625 1395 2720 passi
1430 2625 1546 2720 viginti
1573 2626 1661 2698 intus

245 2756 398 2826 fossatum
420 2759 453 2821 et
476 2751 517 2822 do
538 2749 707 2836 latitudine
729 2747 827 2820 habet
849 2747 934 2842 passi
957 2748 1070 2819 decem
1092 2756 1124 2820 at
1146 2769 1276 2842 passum
1298 2749 1428 2822 iuxtum
1441 2760 1663 2824 mensuratum

243 2887 353 2951 sancte
375 2877 575 2970 neapolitano
597 2875 728 2950 ecclesie
751 2893 835 2972 qrras
855 2899 933 2948 vero
956 2884 1172 2948 memoratum
1206 2879 1346 2950 fundum
1369 2902 1480 2952 meum
1504 2901 1581 2952 cnm
1603 2879 1663 2950 in-

246 3003 380 3076 troitum
403 3026 499 3077 suum
521 3013 554 3076 et
576 3005 725 3076 omnibns
747 3005 810 3077 sivi
831 2983 1064 3099 pertinentibus
1079 3002 1172 3076 robis
1187 3007 1368 3102 amneque
1391 3008 1564 3081 heredibus
1588 3008 1664 3082 dedi

246 3139 279 3199 at
301 3128 554 3224 responsaticum
577 3131 693 3202 amodo
716 3139 749 3202 et
771 3153 874 3225 usque
897 3129 1055 3203 indecem
1080 3153 1180 3204 annos
1204 3127 1349 3226 eiplecos
1372 3133 1408 3204 in
1432 3155 1472 3204 eo
1496 3133 1584 3206 enim
1608 3141 1663 3207 te-

246 3277 326 3330 nore
348 3257 393 3328 ud
415 3259 450 3330 in
471 3265 579 3332 restra
601 3253 782 3352 uestrisque
798 3255 970 3328 heredibus
990 3257 1054 3326 sint
1069 3263 1260 3348 potestatem
1274 3257 1405 3328 tenendi
1425 3267 1459 3332 et
1474 3259 1662 3333 dominandi

246 3407 303 3458 seu
324 3384 487 3480 lmgiandi
509 3385 621 3458 subtus
637 3393 669 3458 et
683 3407 781 3480 super
804 3385 901 3488 etde
923 3383 993 3478 ipsa
1015 3382 1142 3476 refugia
1165 3381 1289 3456 faciatis
1312 3381 1423 3450 omnia
1452 3404 1518 3474 que
1540 3383 1663 3456 roluc-

247 3513 338 3583 ritis:
363 3513 584 3584 tantummodo
608 3533 668 3585 vos
691 3520 723 3582 ct
745 3509 919 3582 heredibus
942 3509 1057 3584 vatris
1080 3508 1164 3580 mihi
1186 3508 1333 3603 meisque
1355 3506 1530 3578 heredibus
1546 3507 1664 3580 exindo

246 3639 335 3710 omni
358 3662 466 3712 annuo
488 3638 739 3733 respomaticnm
770 3641 847 3710 dare
869 3636 1012 3708 debeatis
1035 3636 1181 3704 triticum
1213 3634 1324 3704 modia
1346 3640 1416 3703 trea
1439 3651 1503 3724 pro
1526 3639 1664 3730 ungento

248 3767 364 3840 mensis
386 3774 569 3836 mensurata
592 3774 625 3834 at
647 3765 794 3836 modium
815 3757 1241 3832 inxtum⁸manducaturum
1276 3765 1415 3830 tractum
1447 3769 1662 3854 paratumque

249 3915 348 3987 usque
372 3897 446 3960 anto
468 3887 557 3980 regia
580 3887 692 3958 domui
708 3907 779 3958 meo
792 3885 861 3956 sine
877 3881 968 3953 omni
990 3879 1215 3952 amaricatione
1235 3884 1388 3974 usquein
1405 3883 1492 3976 ipsos
1519 3884 1666 3976 expletos

249 4016 357 4088 decem
368 4008 1090 4104 annosexpletos:etminimapresummoego
1104 4006 1341 4080 autberedibus
1352 4008 1500 4078 meisnec
1513 4006 1668 4078 abeamus
1735 4067 1744 4084 ,

248 4137 407 4212 licentiam
422 4141 637 4208 memoratum
651 4135 786 4206 fundum
801 4155 911 4204 meum
924 4153 1000 4204 cum
1012 4131 1161 4202 omnibus
1172 4129 1235 4202 sivi
1249 4131 1481 4225 pertinentibus
1494 4131 1588 4203 robis
1599 4155 1665 4204 re-

250 4265 387 4359 strisque
401 4261 572 4336 heredibus
584 4283 659 4338 eum
674 4263 786 4334 tollere
801 4267 833 4331 et
849 4269 882 4328 at
897 4259 1046 4354 quambis
1057 4281 1227 4353 personam
1242 4257 1362 4331 iterum
1380 4280 1456 4330 eum
1470 4259 1547 4328 dare
1560 4265 1616 4330 aut
1630 4258 1666 4329 in

251 4399 394 4460 nostrum
416 4388 643 4482 proprietatem
665 4409 742 4458 eum
764 4383 951 4478 recolligere
972 4405 1031 4478 per
1054 4382 1184 4454 nullum
1207 4383 1344 4454 modum
1366 4403 1488 4450 anunc
1503 4390 1536 4454 et
1558 4403 1662 4476 usque

249 4517 283 4586 in
306 4514 393 4608 ipsos
415 4514 526 4586 decem
549 4513 624 4584 anni
647 4509 768 4606 expleti
791 4515 824 4579 et
837 4531 899 4604 ego
914 4519 948 4582 et
969 4507 1142 4584 heredibus
1164 4507 1245 4578 meis
1261 4506 1354 4578 vobis
1370 4507 1549 4602 vestrisque
1564 4506 1663 4582 bere·

251 4640 342 4712 dibus
366 4637 458 4710 illum
480 4639 649 4710 defendere
672 4634 890 4730 promittimus
913 4633 1241 4727 usqueinnominato
1264 4631 1378 4702 decem
1403 4629 1478 4700 anni
1497 4629 1617 4724 expleti
1631 4637 1665 4702 et

249 4785 306 4834 ros
318 4761 412 4834 nobis
424 4762 500 4834 dare
519 4759 658 4834 debeatis
670 4765 885 4832 memoratum
898 4754 1149 4848 responsatieum
1171 4777 1233 4848 pro
1246 4754 1336 4824 omni
1352 4777 1459 4826 annuo
1483 4767 1516 4826 et
1538 4755 1574 4828 in
1597 4753 1660 4824 isto

250 4889 330 4960 eribo
349 4889 446 4962 nobis
467 4889 544 4961 dare
566 4888 704 4963 debeatis
727 4887 834 4982 ipsum
849 4882 1010 4956 triticum:
1038 4890 1071 4955 et
1085 4881 1214 4979 quando
1237 4881 1308 4976 ipso
1333 4904 1416 4954 anno
1440 4877 1661 4976 eompleberi-
