4900 6528
1416 662 1562 760 (seo)

1421 951 1572 1026 CLXVII.

647 1233 701 1284 sn.
862 1205 894 1302 †
917 1207 955 1278 ln
970 1206 1101 1281 nomine
1116 1207 1240 1282 domini
1256 1209 1310 1281 dei
1322 1207 1490 1280 salvatoris
1504 1205 1607 1276 nostri
1622 1205 1720 1278 lbosu
1734 1190 1857 1276 Christi
1871 1203 2048 1300 imperante
2063 1207 2198 1278 domino

625 1343 712 1408 977.
767 1341 878 1410 nostro
892 1333 1007 1410 besilio
1022 1357 1141 1431 magno
1156 1328 1352 1427 Imperatore
1369 1351 1454 1404 anno
1468 1333 1605 1427 septimo
1621 1333 1750 1407 decimo
1764 1333 1820 1407 sed
1837 1341 1870 1405 et
1880 1334 2082 1404 oonstantino
2096 1334 2197 1407 irater

767 1463 838 1538 eius
852 1485 972 1560 magno
985 1463 1180 1554 Imperatore
1194 1477 1280 1532 anuo
1295 1460 1542 1555 quartodecimo
1556 1459 1610 1534 die
1632 1457 1727 1534 tortia
1750 1458 1870 1532 mensis
1893 1457 1995 1554 magii
2019 1457 2199 1532 indictione

767 1593 880 1690 quinta
903 1585 1043 1680 neapoli.
1068 1583 1202 1658 Certum
1226 1593 1276 1659 est
1297 1607 1352 1659 me
1374 1583 1481 1660 banna
1504 1586 1640 1660 boneta
1663 1585 1784 1659 semina
1803 1583 1869 1658 iiiia
1888 1585 2056 1682 quondum
2085 1585 2198 1658 domi·

766 1717 816 1789 ui.
833 1715 904 1786 mni
926 1733 991 1784 una
1013 1731 1090 1786 oum
1113 1731 1271 1784 uoruemu
1301 1712 1426 1786 domini
1451 1713 1599 1811 stephani
1625 1713 1690 1788 viri
1712 1712 1800 1786 meir
1825 1711 1856 1784 Α
1878 1709 2020 1807 presenti
2043 1709 2097 1784 die
2120 1711 2196 1785 dedi

766 1841 858 1916 vobis
866 1888 1280 1917 ..................
1312 1841 1467 1938 priumbo
1489 1865 1549 1918 sen
1571 1841 1727 1938 stephano
1751 1849 1785 1914 ot
1807 1839 1961 1914 millitnrn
1983 1865 2045 1916 neo
2077 1863 2142 1914 nou
2164 1849 2199 1912 et

766 1967 893 2042 marino
915 1965 980 2039 hoe
1001 1974 1051 2039 est
1073 1965 1208 2038 nudate
1231 1967 1394 2062 germanis
1416 1969 1492 2043 tiliis
1515 1969 1681 2068 quondm
1703 1967 1854 2046 iobanuis
1876 1969 2028 2044 monaehi
2062 1971 2102 2044 de
2125 1969 2197 2042 loeo

765 2117 961 2172 maranum:
987 2095 1071 2169 idest
1097 2095 1238 2190 integras
1262 2104 1329 2169 tres
1351 2099 1452 2192 peties
1474 2101 1516 2172 de
1539 2107 1640 2174 terres
1662 2119 1751 2174 moes
1773 2099 1877 2195 posite
1892 2099 1928 2172 in
1957 2096 2031 2174 iooo
2052 2099 2111 2198 qui
2132 2121 2198 2170 uo-

767 2221 911 2294 minatur
933 2223 1142 2316 [aragnanum
1165 2242 1229 2290 una
1254 2243 1333 2292 vero
1356 2245 1400 2294 ox
1423 2221 1492 2316 ipse
1514 2231 1601 2297 terre
1625 2223 1758 2298 tolieret
1781 2225 1842 2298 sivi
1865 2225 1907 2298 ab
1928 2247 1996 2300 uno
2019 2226 2119 2300 litere
2144 2225 2199 2296 via

770 2349 899 2444 publiea
922 2357 956 2422 et
978 2347 1019 2419 ab
1042 2348 1105 2420 alio
1128 2349 1229 2422 latore
1252 2348 1386 2424 coderet
1409 2359 1495 2424 terra
1884 2364 1918 2428 et
1940 2357 1982 2430 de
2006 2379 2074 2428 nno
2093 2351 2199 2450 eapite

766 2472 898 2544 ooberet
920 2481 1006 2543 terra
1021 2471 1062 2544 do
1076 2469 1125 2542 ilii
1147 2470 1339 2544 barbatorii:
1354 2475 1441 2548 etde
1456 2473 1636 2569 aliocapite
1659 2474 1791 2548 ooberet
1813 2483 1901 2548 terra
1923 2475 2059 2550 beredos
2083 2500 2202 2574 quon-

769 2599 843 2672 dum
865 2595 978 2670 oessru'i
1001 2595 1175 2670 ferrieelii:
1202 2598 1340 2673 secunda
1363 2597 1450 2692 petia
1472 2597 1576 2694 posita
1598 2599 1644 2670 ibi
1667 2597 1797 2694 ipsum:
1826 2599 1959 2673 eoherat
1974 2601 2038 2672 sivi
2063 2599 2104 2672 ab
2129 2621 2197 2674 uno

665 2819 668 2822 Ι
765 2727 865 2800 latere
892 2733 979 2798 terra
1003 2723 1138 2798 heredes
1160 2725 1202 2798 de
1224 2723 1273 2796 illi
1296 2723 1452 2798 brenoatii
1475 2733 1508 2798 et
1531 2723 1572 2795 ab
1598 2723 1663 2796 alio
1686 2723 1786 2796 latere
1820 2723 1953 2798 ooberet
1975 2733 2062 2798 terra
2085 2729 2125 2804 de
2148 2727 2197 2801 idi

767 2853 945 2929 buccatorii
968 2862 1001 2926 et
1023 2853 1064 2926 de
1087 2875 1154 2926 nno
1177 2852 1283 2948 eapite
1305 2853 1439 2926 eoheret
1461 2861 1549 2924 terra
1564 2853 1605 2925 de
1621 2850 1754 2924 heredes
1771 2851 1896 2925 domini
1920 2852 2071 2950 stephani
2095 2857 2192 2930 duci:

766 2991 800 3056 et
822 2981 863 3054 ab
885 2980 951 3052 alio
972 2979 1077 3076 eapite
1101 2978 1234 3054 ooberet
1257 2990 1344 3056 terra
1368 2982 1408 3054 de
1431 2980 1604 3054 memorati
1619 2979 1666 3052 iili
1683 2978 1880 3052 buooatorii:
1906 2981 2000 3052 tertia
2027 2983 2115 3078 petia
2128 3005 2196 3080 po-

775 3107 836 3180 sita
859 3105 905 3178 ibi
930 3107 1037 3202 ipsum
1059 3105 1094 3178 in
1115 3115 1297 3180 memorato
1327 3107 1401 3179 loeo
1432 3105 1565 3180 eoheaet
1598 3105 1661 3178 sivi
1694 3104 1812 3177 iterum
1836 3104 1877 3176 ob
1901 3129 1969 3178 uno
1991 3106 2089 3181 latere
2110 3119 2197 3182 terra

773 3236 813 3308 de
836 3235 884 3308 illi
905 3234 1074 3308 bronootiti
1097 3236 1184 3308 etde
1203 3235 1267 3308 dio
1290 3234 1391 3306 latare
1413 3233 1546 3307 ooheret
1568 3241 1655 3304 terra
1677 3231 1729 3305 de·
1742 3231 1791 3304 iili
1815 3231 1993 3306 buooatorii
2015 3235 2104 3308 etde
2126 3255 2193 3310 uno

767 3363 870 3460 capite
893 3361 1026 3438 ooheret
1048 3371 1135 3436 terra
1158 3361 1330 3436 memorati
1353 3361 1487 3436 heredes
1511 3360 1633 3434 domiui
1656 3358 1802 3454 stepbuni
1826 3361 1904 3434 duci
1928 3371 1962 3435 et
1985 3363 2026 3436 de
2050 3362 2115 3434 alio
2137 3385 2199 3436 ea·

766 3491 833 3584 pito
855 3490 987 3566 coheres
1009 3497 1095 3566 terra
1118 3496 1152 3562 et
1174 3487 1320 3561 terminis
1344 3487 1384 3560 de
1407 3485 1463 3558 iiia
1485 3485 1667 3558 oomuuelia
1680 3484 1742 3559 beo
1756 3494 1865 3560 nutem
1880 3501 2073 3561 memorates
2091 3498 2196 3568 terres

766 3639 831 3690 una
862 3641 938 3692 oum
960 3618 1109 3692 introitus
1124 3639 1183 3690 suo
1197 3626 1231 3689 et
1244 3614 1396 3688 omuibus
1416 3615 1479 3688 sivi
1505 3613 1761 3714 pertinentibus:
1787 3637 1868 3711 quas
1892 3639 1970 3690 vuo
2001 3627 2197 3692 memorate·

767 3751 867 3818 terres
889 3744 983 3818 vobis
1006 3743 1185 3840 vestrisque
1207 3737 1380 3814 heredibus
1403 3739 1479 3812 dedi
1502 3739 1543 3811 ad
1565 3737 1775 3810 detinendum
1790 3749 1823 3812 et
1837 3739 2074 3816 lavorandum:
2101 3743 2137 3815 in
2153 3767 2195 3818 eo

766 3895 847 3946 vero
880 3873 984 3946 tinore
1007 3881 1046 3946 ut
1067 3873 1102 3944 iu
1124 3871 1231 3942 boetra
1255 3869 1298 3944 sit
1320 3876 1476 3964 potestate
1506 3867 1580 3939 dios
1611 3867 1758 3940 lavoraro
1789 3877 1822 3942 et
1845 3869 2011 3946 arbustare
2035 3881 2068 3944 et
2092 3873 2197 3946 vitare

766 4020 850 4070 vene
873 4009 907 4070 et
930 3999 1099 4096 diligenter
1122 3996 1329 4072 oaueumiuas
1361 4004 1395 4070 et
1426 3995 1508 4068 bites
1537 3993 1658 4068 ibidem
1680 4017 1801 4089 ponere
1833 4005 1868 4068 et
1890 3995 2033 4091 plenum
2055 3997 2197 4074 debeatis

768 4120 827 4194 ubi
850 4141 1018 4193 necessum
1039 4123 1138 4194 tuerit
1160 4145 1236 4194 enm
1266 4120 1358 4192 omui
1390 4141 1470 4192 vero
1501 4119 1662 4215 expendio
1686 4129 1720 4191 et
1743 4119 1815 4194 illos
1838 4141 1936 4216 super
1967 4145 2028 4195 vos
2050 4123 2195 4222 bugiano

767 4247 907 4322 debeatis
942 4249 983 4320 de
1011 4257 1203 4322 memorates
1226 4257 1327 4320 torres
1351 4245 1445 4319 nobis
1477 4247 1554 4318 dare
1577 4247 1718 4322 debeatis
1742 4249 1860 4322 amodo
1883 4257 1917 4322 et
1940 4271 2045 4348 usqne
2071 4251 2107 4324 in
2129 4259 2194 4324 bet

771 4397 873 4449 annos
896 4375 984 4450 omui
1009 4398 1117 4450 annuo
1131 4375 1210 4450 dum
1224 4395 1329 4472 usque
1341 4372 1404 4446 sivi
1420 4381 1598 4446 memorate
1614 4382 1700 4446 tene
1714 4397 1781 4448 uon
1795 4375 2043 4450 obumbraverit
2059 4378 2100 4452 de
2117 4401 2195 4452 me-

775 4513 938 4577 moratum
960 4527 1017 4598 pa.
1032 4557 1041 4575 .
1056 4555 1065 4574 .
1078 4503 1204 4578 ‚modia
1227 4511 1302 4574 octo
1323 4502 1365 4576 de
1388 4500 1478 4598 quod
1494 4498 1539 4570 ibi
1555 4499 1790 4572 seminaveritis
1812 4509 1846 4574 et
1877 4525 1981 4575 unum
2004 4505 2131 4599 parium
2157 4505 2197 4580 de

726 4651 728 4658 ’
773 4631 853 4723 pulli
876 4641 909 4700 et
931 4653 1034 4726 usque
1059 4653 1127 4726 quo
1146 4630 1267 4703 salierit
1289 4629 1358 4726 ipse
1380 4627 1529 4703 arbustus
1551 4649 1651 4724 quem
1665 4627 1727 4702 bos
1741 4629 1880 4701 feeeritis
1903 4631 1945 4704 ad
1972 4651 2069 4703 ornes
2083 4629 2196 4706 deuant

772 4755 814 4826 de
843 4755 956 4826 vinum
979 4757 1138 4829 mundum
1166 4777 1264 4853 super
1286 4757 1346 4830 bos
1368 4757 1441 4830 iilos
1474 4757 1655 4852 irugimtis:
1682 4767 1715 4831 et
1738 4765 1898 4854 quaan
1925 4757 2195 4852 compleverimus

770 4881 940 4954 memorati
963 4891 1029 4954 tres
1052 4883 1143 4956 anuis
1166 4885 1207 4956 da
1229 4886 1304 4958 inde
1326 4885 1361 4958 iu
1383 4905 1481 4980 supra
1503 4883 1562 4958 ubi
1584 4884 1828 4958 obumbraverit
1851 4883 1919 4979 ipse
1942 4883 2086 4979 putiuus
2116 4907 2196 4958 me-

773 5017 896 5082 morata
921 5018 1005 5084 terra
1028 5017 1107 5081 tuno
1129 5009 1221 5082 uobis
1244 5011 1361 5086 exinde
1385 5012 1461 5085 dane
1484 5011 1625 5084 debeatis
1649 5013 1849 5088 terraticum.
1869 5009 2041 5110 eximpiioe
2064 5012 2106 5084 de
2130 5031 2198 5108 quo
