4954 6532
910 596 922 690 t
944 604 986 667 ³⁷
1012 600 1029 690 )

252 765 284 829 et
306 753 438 828 bersare
463 753 609 828 debeatis
629 754 664 824 in
687 758 839 826 vestrum.
864 759 901 826 et
912 773 974 846 ego
992 763 1024 826 et
1046 754 1179 827 heredes
1202 758 1268 827 mei
1291 757 1437 833 similiter
1452 761 1487 831 in
1502 785 1578 834 eum
1600 787 1669 856 po·-

254 905 331 954 nere
356 880 529 953 debeamus
552 901 572 948 u
594 886 686 973 parte
708 885 818 948 nostra
840 888 999 973 quantum
1022 878 1116 950 nobis
1139 902 1306 952 necessum
1328 885 1428 955 tirerit
1448 891 1496 952 set
1512 909 1611 978 aquas
1627 888 1669 957 de

252 1009 416 1082 edificium
439 1008 497 1103 qui
520 1008 556 1078 in
579 1007 695 1079 eodem
717 1027 828 1079 meum
850 1007 1011 1079 solareum
1033 1007 1204 1078 fecerimus
1227 1031 1302 1079 eum
1317 1009 1461 1101 recipere
1483 1017 1517 1082 et
1539 1011 1668 1082 bersare

253 1132 429 1204 debeamus
451 1128 487 1202 in
510 1136 669 1202 nostrum.
694 1129 785 1224 regia
807 1154 888 1204 vero
910 1131 968 1226 qui
992 1139 1040 1202 est
1064 1132 1149 1202 inter
1171 1132 1337 1204 nominata
1360 1133 1528 1226 superiora
1552 1135 1668 1228 quite

189 1341 191 1346 ,
253 1257 358 1349 tetigit
381 1265 413 1326 et
435 1255 521 1329 inter
544 1256 712 1352 superiora
745 1256 897 1330 eubueuli
928 1255 988 1352 qui
1016 1280 1069 1329 me
1093 1255 1199 1352 tetigit
1222 1257 1332 1330 ambas
1354 1265 1460 1352 partes
1483 1281 1522 1328 ea
1544 1258 1666 1328 labrire

255 1385 427 1457 debeamus
449 1409 526 1458 eum
548 1395 655 1480 pretas
685 1393 719 1456 et
746 1385 833 1457 calce
855 1407 914 1458 seu
936 1383 1170 1478 putheolanum
1194 1386 1234 1458 ad
1257 1385 1349 1456 omni
1371 1405 1579 1457 communem
1602 1407 1667 1456 ex-

253 1509 414 1602 pendium.
437 1532 498 1582 nee
519 1531 586 1580 non
608 1509 715 1602 tetigit
736 1517 770 1580 te
792 1518 825 1582 et
848 1510 1020 1581 sexuncias
1042 1509 1082 1580 de
1105 1508 1259 1581 interiora
1274 1509 1333 1602 qui
1356 1517 1405 1581 est
1418 1509 1531 1582 subtus
1553 1509 1668 1581 norni-

253 1644 325 1706 nata
348 1635 516 1731 superiora
548 1645 581 1708 et
607 1637 788 1729 predictum
811 1639 974 1710 solareum
1002 1636 1221 1708 bostracatum
1243 1634 1388 1729 portioni
1412 1641 1466 1706 tue
1489 1635 1554 1706 hoe
1577 1644 1625 1709 est
1648 1659 1668 1706 a

251 1768 342 1852 parte
365 1759 602 1853 septentrionis.
627 1762 714 1834 unde
738 1760 816 1832 alias
838 1759 1009 1834 sexuncias
1029 1768 1121 1854 parte
1143 1759 1321 1831 meridiana
1343 1758 1519 1851 tetigerunt
1541 1780 1595 1830 me
1610 1759 1669 1830 in-

251 1885 436 1954 trabersum
459 1885 563 1956 divisa
585 1885 676 1956 omni
698 1893 844 1978 tempore
869 1888 909 1959 de
931 1885 1135 1978 longitudine
1157 1887 1248 1957 intus
1267 1886 1336 1978 ipse
1358 1885 1447 1954 eluse
1470 1881 1565 1954 ambe
1587 1903 1668 1974 por-

253 2005 354 2076 tionis
378 2010 418 2080 ad
441 2007 556 2102 equale
579 1997 739 2080 mensura
752 2016 786 2078 et
807 2008 866 2078 ubi
887 2009 954 2080 iam
976 2011 1017 2082 de
1040 2031 1193 2086 mensure
1217 2008 1343 2079 benerit
1365 2005 1475 2075 ambas
1497 2011 1605 2098 partes
1625 2003 1674 2074 in·

253 2141 303 2204 ter
329 2131 423 2202 nobis
438 2131 560 2204 ibidem
575 2133 724 2205 claudere
739 2133 914 2207 debeamus
931 2162 950 2207 a
966 2143 1052 2208 terra
1075 2158 1179 2231 usque
1194 2143 1227 2206 at
1242 2133 1499 2206 sternimentum.
1527 2131 1674 2226 Cumque

254 2259 348 2332 nobis
370 2259 568 2332 combenerit
590 2259 632 2332 ad
654 2259 744 2332 omni
760 2282 934 2336 eormnune
949 2261 1159 2356 expendium.
1185 2261 1349 2353 aperturis
1365 2283 1445 2333 vero
1461 2261 1500 2330 de
1515 2259 1672 2352 parietem

256 2410 297 2458 ex
318 2385 403 2478 ipses
425 2383 594 2456 sexuncias
616 2389 688 2456 tuas
711 2405 754 2455 ex
777 2386 849 2475 ipsu
870 2383 1024 2452 interiora
1047 2383 1107 2474 qui
1122 2387 1170 2448 est
1184 2400 1276 2450 secus
1297 2384 1502 2453 transeudum
1525 2383 1670 2474 pubblici

259 2511 345 2606 quot
368 2515 416 2580 est
438 2509 508 2602 ipsa
531 2505 728 2602 aperturiam
750 2515 784 2577 at
806 2506 957 2578 columna
980 2526 1162 2578 marmorea
1195 2512 1286 2599 parte
1308 2506 1533 2601 septentrionis
1557 2509 1668 2580 ambas

256 2641 359 2728 partes
384 2635 465 2708 illud
486 2631 604 2706 labrire
628 2631 801 2703 debeamus
824 2629 865 2702 ad
887 2628 978 2700 omui
1002 2649 1209 2702 communem
1231 2629 1428 2724 expendium
1452 2637 1485 2701 et
1506 2631 1671 2707 nominata
1757 2677 1759 2681 ψ

256 2761 406 2834 columna
429 2759 547 2830 exinde
569 2756 718 2826 tollamus
741 2762 775 2826 et
796 2775 955 2848 ponamus
985 2751 1040 2824 illa
1062 2754 1121 2826 ubi
1143 2753 1278 2826 interius
1303 2755 1481 2828 dixerimus
1504 2763 1553 2828 set
1576 2763 1614 2828 tu
1637 2763 1670 2828 ct

257 2887 396 2958 heredes
418 2886 485 2956 tuis
505 2881 598 2955 robis
620 2880 741 2954 ibidem
764 2879 924 2954 dimittere
947 2888 980 2950 et
1003 2878 1124 2952 babere
1156 2880 1297 2953 debeatis
1326 2905 1392 2954 una
1414 2880 1506 2975 regia
1528 2881 1612 2954 iusta
1635 2888 1668 2954 ct

256 3034 319 3106 ego
343 3021 375 3083 et
397 3011 531 3082 heredes
550 3009 615 3080 mei
638 3015 711 3077 aute
734 3005 847 3078 eadem
868 3005 960 3098 regia
982 3002 1104 3076 nuttam
1126 3004 1315 3097 spurcitiam
1341 3027 1409 3074 non
1431 3005 1587 3076 iaciamus
1608 3023 1668 3096 per

254 3140 380 3211 nullum
403 3139 548 3209 modum.
582 3137 619 3206 ln
653 3134 819 3205 nominata
845 3156 925 3236 nero
950 3133 1116 3226 superiora
1138 3133 1280 3226 portioni
1308 3141 1365 3204 tue
1388 3139 1547 3226 quantum
1569 3154 1668 3226 super

254 3262 419 3336 iamdictas
435 3263 603 3336 sexunciss
625 3281 713 3334 meas
727 3285 769 3334 ex
783 3262 853 3354 ipsa
866 3259 1019 3332 interiora
1036 3255 1144 3328 ambas
1166 3255 1384 3350 pertessemel
1406 3257 1668 3330 bostracumdare
1778 3297 1782 3302 ·
1833 3258 1837 3264 '

255 3390 426 3464 debeamus
448 3391 489 3462 de
511 3389 597 3462 calce
620 3399 653 3462 et
674 3412 769 3461 arena
793 3388 835 3460 ad
857 3385 946 3458 omui
968 3403 1176 3455 communem
1197 3381 1393 3475 expendium
1421 3389 1454 3452 et
1476 3391 1513 3450 tu
1536 3389 1569 3452 et
1600 3380 1666 3452 he-

254 3520 346 3592 redes
366 3520 432 3590 tuis
444 3517 566 3590 nullam
582 3516 769 3612 spurcitiam
781 3514 898 3588 exinde
913 3534 981 3586 non
998 3511 1120 3583 laniatis
1134 3509 1171 3582 in
1187 3516 1380 3582 memoratus
1397 3507 1566 3580 sexuncias
1579 3528 1669 3580 meas

254 3669 296 3718 ex
311 3646 380 3738 ipsa
390 3643 542 3714 interiora
556 3663 615 3736 per
630 3642 756 3711 nullum
769 3643 913 3711 modum.
925 3648 1052 3710 atamen
1066 3645 1103 3706 tu
1117 3637 1236 3706 labrire
1252 3635 1368 3704 debeas
1384 3634 1425 3705 de
1440 3633 1520 3704 duas
1535 3644 1667 3728 apertu·

254 3767 318 3839 rias
340 3769 401 3860 qui
423 3773 497 3836 suut
519 3763 554 3832 in
576 3764 646 3854 ipsa
668 3771 725 3833 tua
747 3760 896 3853 portione
917 3781 1015 3850 super
1037 3763 1159 3828 tectum
1177 3745 1279 3850 ipsius
1294 3756 1446 3830 cubuculi
1461 3761 1527 3832 mei
1542 3768 1668 3836 tantum

255 3900 364 3963 eutem
386 3899 425 3961 ut
446 3909 508 3982 pm
530 3907 724 3980 unaquaque
748 3882 910 3978 aperturis
933 3879 1099 3954 dimittatis
1122 3887 1156 3949 et
1176 3878 1319 3952 habeatis
1342 3889 1379 3952 tu
1402 3891 1437 3955 et
1459 3883 1594 3958 heredes
1618 3889 1667 3960 toi

255 4023 393 4092 fenestra
414 4038 480 4090 nna
504 4021 538 4086 et
560 4014 594 4084 in
618 4033 671 4083 eas
694 4011 784 4082 etin
807 4010 869 4081 alie
900 4009 1023 4082 duabsu
1055 4010 1192 4080 fenestre
1215 4016 1271 4081 tue
1303 4009 1362 4102 qui
1385 4010 1431 4081 ibi
1465 4015 1573 4106 ipsum
1595 4037 1665 4090 esse

254 4142 382 4214 ridetm
405 4147 443 4210 tu
463 4112 498 4208 et
520 4135 654 4208 heredes
675 4135 725 4206 tui
746 4155 868 4230 ponere
899 4141 932 4206 et
954 4133 1073 4204 habere
1096 4131 1235 4206 debeatis
1258 4134 1397 4206 cancella
1419 4136 1564 4209 strullata
1586 4163 1669 4234 ape-

253 4269 357 4340 riente
378 4267 447 4360 ipsa
469 4263 608 4334 cancella
629 4285 691 4355 pro
717 4283 916 4357 unoquoque
946 4259 1119 4334 toramines
1151 4261 1301 4360 palmum
1332 4285 1446 4334 unum.
1477 4287 1535 4334 seu
1559 4267 1664 4360 tetigit

254 4401 287 4464 te
309 4399 342 4462 et
364 4386 491 4460 modica
513 4383 633 4457 terrula
657 4383 715 4478 qni
738 4385 843 4456 estin
865 4384 968 4478 capite
984 4384 1025 4457 de
1047 4384 1228 4456 nominatas
1250 4386 1418 4460 sexuncias
1444 4394 1517 4458 tuas
1541 4413 1582 4460 ex
1597 4390 1666 4484 ipsa
1723 4435 1731 4444 -

253 4518 403 4590 inferiora
426 4523 516 4608 parte
537 4510 761 4606 septentrionis
783 4532 887 4604 usque
910 4519 943 4581 et
958 4511 1103 4582 anditum
1126 4513 1376 4586 communalem.
1399 4515 1563 4588 nominata
1584 4541 1665 4590 vero

254 4644 402 4713 columna
424 4661 605 4711 marmorea
638 4659 759 4731 ponere
791 4635 964 4708 debeamus
990 4638 1082 4708 iuxta
1111 4637 1256 4710 centonis
1290 4641 1330 4712 de
1353 4641 1508 4734 parietem
1538 4645 1596 4743 qui
1619 4653 1668 4716 cst

252 4769 365 4841 subtus
386 4769 471 4838 inter
492 4765 656 4836 nominata
670 4763 794 4835 duobus
809 4764 931 4836 solarea
954 4787 1057 4836 unum
1080 4787 1190 4838 meum
1214 4773 1246 4837 et
1269 4789 1371 4838 unum
1388 4774 1482 4841 tuu'rn
1505 4770 1665 4842 directum

251 4917 326 4967 cum
358 4899 495 4968 cantone
518 4890 557 4961 de
580 4889 669 4984 regia
702 4887 939 4963 communalem
972 4897 1081 4962 nostra
1113 4899 1146 4964 et
1169 4892 1210 4966 de
1233 4891 1303 4966 aliis
1334 4893 1520 4970 hominibus
1556 4897 1661 4990 ipsum
