4900 6528
874 701 1018 796 (ee)

847 979 1040 1052 clxxv-tu

329 1237 419 1332 †ln
444 1236 575 1310 nomine
597 1233 721 1307 domini
745 1234 797 1306 dei
821 1234 988 1306 salvatoris
1012 1235 1112 1306 nostri
1130 1233 1225 1308 ihesu
1249 1235 1369 1308 Christi
1392 1240 1570 1335 imperante
1593 1249 1657 1318 do-
1728 1275 1777 1320 an,

233 1368 323 1440 mino
347 1374 458 1436 nostro
480 1361 594 1432 basilio
617 1382 736 1453 magno
761 1361 954 1454 imperatore
978 1381 1083 1430 anno:
1111 1361 1348 1434 nonodecimor
1374 1367 1431 1439 sed
1455 1377 1488 1438 et
1510 1381 1658 1443 constan·
1705 1387 1792 1446 979.

235 1494 304 1564 tino
334 1511 453 1583 magno
476 1488 671 1582 imperatore
694 1487 794 1558 irater
818 1487 888 1560 eius
912 1509 996 1558 anno
1018 1487 1260 1558 sextodecimo:
1296 1489 1349 1562 die
1381 1493 1505 1566 decima
1528 1502 1657 1572 mensis.

235 1617 335 1712 magii
367 1615 540 1688 indictione
572 1615 706 1710 septima
739 1615 887 1709 neapoli:
923 1599 1057 1688 c'ertum
1089 1624 1138 1686 est
1160 1637 1221 1688 nos
1245 1615 1340 1688 leone
1363 1617 1468 1690 filium
1492 1628 1659 1719 quondam

235 1745 343 1816 tauri:
371 1752 404 1814 et
427 1741 577 1836 gregoria
600 1741 664 1814 fibo
689 1743 854 1836 quondam
877 1741 948 1836 lupi
964 1741 1027 1812 boo
1042 1751 1091 1814 est
1105 1743 1248 1837 iugales:
1275 1755 1308 1816 et
1331 1767 1409 1818 urso
1425 1747 1529 1822 filiurn
1545 1773 1657 1846 quon-

237 1871 311 1942 dam
335 1869 468 1942 iohanni
491 1868 554 1942 boo
578 1879 627 1940 est
650 1868 720 1940 tbio
742 1879 776 1942 et
798 1881 930 1962 nepotes
949 1867 1120 1940 abitatores
1144 1868 1185 1940 de
1208 1867 1282 1940 loco
1305 1871 1364 1966 qui
1386 1871 1575 1947 nominetur
1600 1898 1660 1946 ne·

236 1997 401 2090 petianum
424 2018 521 2090 super
543 1995 629 2066 oiibu
653 1996 694 2068 de
710 1993 853 2090 galloro:
871 2017 934 2088 ego
948 2003 1128 2066 memorato
1142 2015 1220 2064 urso
1236 2015 1312 2066 enm
1328 2017 1519 2072 consensum
1541 2019 1657 2072 maru:

237 2125 366 2219 coniugi
382 2149 466 2198 mee:
483 2125 668 2220 sperent
684 2124 753 2198 dio:
771 2121 1010 2219 promptissima
1024 2120 1240 2192 voluntatem:
1259 2123 1533 2198 Venumdedimus
1549 2135 1583 2198 et
1598 2137 1663 2200 tre·

238 2249 378 2322 didimus
394 2250 454 2322 tivi
471 2247 604 2322 domino
619 2247 775 2343 stephano
799 2245 1015 2320 venerabilem
1027 2243 1254 2339 presbiterum:
1272 2245 1375 2319 filiurn
1390 2248 1523 2346 quidem
1538 2251 1663 2323 domini

239 2377 327 2448 leoni
352 2394 464 2448 custus
485 2375 566 2446 bero
589 2375 721 2446 eedesie
753 2374 853 2444 sancti
885 2373 1010 2446 suberi:
1044 2373 1126 2446 idest
1158 2372 1284 2466 integra
1315 2397 1380 2448 una
1403 2376 1489 2471 petia
1513 2377 1554 2450 de
1579 2387 1665 2450 terra

241 2510 373 2572 nostra:
400 2523 466 2570 une
489 2520 566 2570 oum
590 2496 758 2568 arboribus
781 2502 815 2566 et
837 2497 1006 2570 introitum
1030 2521 1129 2572 suum
1152 2506 1185 2570 ot
1208 2497 1358 2570 omnibus
1380 2499 1444 2573 sivi
1467 2501 1664 2596 pertinenti-

239 2626 322 2698 bus:
340 2623 460 2719 posita:
480 2622 708 2696 inmemorato
731 2619 802 2692 1000
817 2617 1022 2714 nepotianum
1036 2644 1045 2689 τ
1071 2643 1131 2692 seu
1143 2621 1413 2699 benumdedinrus
1429 2631 1463 2695 et
1476 2625 1665 2700 tradidimus

241 2749 302 2824 tivi
316 2757 349 2822 et
362 2746 495 2842 integris
518 2744 720 2840 portionibus
743 2743 881 2816 nostrisr
908 2743 949 2816 de
973 2765 1075 2816 unum
1089 2744 1301 2822 fundioiolum
1317 2748 1376 2846 qui
1403 2757 1451 2822 est
1476 2751 1667 2822 coniuntum

242 2877 279 2948 in
303 2895 370 2946 uno
394 2869 521 2968 cbapite
544 2891 620 2942 eum
643 2877 821 2942 memorate
843 2867 928 2964 petia
952 2867 993 2940 de
1017 2875 1124 2940 terra:
1151 2893 1217 2942 una
1239 2895 1315 2944 omn
1337 2873 1508 2945 introitum
1522 2896 1618 2946 suum
1635 2885 1668 2944 et

244 3004 396 3078 omnibus
418 2999 480 3074 sivi
504 2997 754 3095 pertinentibus:
773 2996 877 3092 posita
899 2995 935 3069 in
958 3003 1138 3070 memorato
1159 2997 1251 3070 locor
1269 3001 1328 3096 qui
1346 2999 1478 3071 ooberet
1493 3007 1527 3072 at
1543 3023 1668 3073 memo·

242 3145 313 3206 rate
327 3131 412 3226 petia
436 3129 476 3202 de
498 3136 601 3200 terra:
627 3125 669 3196 ab
691 3147 759 3199 uno
781 3125 880 3198 latere
904 3149 924 3196 a
947 3133 1038 3222 porto
1060 3125 1297 3222 septemtrionis
1319 3133 1406 3198 terra
1430 3128 1470 3200 de
1494 3136 1671 3200 memorata

82 3355 88 3368 α
245 3257 403 3330 beodesia
434 3253 535 3328 saneti
567 3252 697 3325 severi:
732 3261 767 3324 et
798 3251 839 3324 ab
861 3251 926 3324 elio
949 3251 1050 3324 latere
1073 3277 1091 3323 a
1115 3261 1206 3346 parte
1229 3253 1407 3326 meridiana
1430 3262 1517 3328 terra
1547 3249 1672 3328 domini

245 3386 333 3482 petri
355 3385 608 3482 priamenestra:
635 3381 676 3454 ab
698 3403 766 3454 uno
788 3380 915 3474 chapito
939 3403 958 3450 a
981 3387 1071 3472 parte
1093 3375 1311 3452 hoccidente:
1343 3388 1428 3452 terra
1452 3381 1492 3452 de
1515 3379 1574 3452 itta
1597 3381 1672 3452 basa

248 3517 427 3587 domnesa:
453 3511 547 3584 sicuti
569 3509 653 3582 inter
675 3531 710 3582 se
732 3508 819 3602 sepis
850 3517 883 3578 et
906 3509 1041 3578 fossatus
1064 3503 1205 3578 exfinatz
1231 3504 1272 3576 nb
1295 3503 1360 3577 alio
1384 3504 1511 3600 chapite
1536 3531 1556 3578 a
1579 3515 1672 3602 parte

247 3640 408 3716 horientis
431 3638 563 3712 ooberet
593 3645 810 3710 memoratum
833 3632 1047 3706 tundiriolnm
1069 3652 1268 3704 communes
1302 3633 1388 3706 unde
1422 3653 1482 3706 nos
1506 3633 1566 3706 tivi
1589 3633 1668 3727 ipsis

247 3765 454 3864 portionibus
476 3761 610 3860 nostris22
635 3760 754 3834 exinde
776 3745 1058 3832 benbmdedimns:
1084 3763 1117 3830 et
1139 3756 1272 3830 deberet
1294 3765 1327 3828 at
1349 3765 1566 3830 memoratum
1589 3760 1674 3832 iun·

250 3893 409 3968 diaiolum
432 3913 627 3964 eommune:
662 3911 682 3960 a
712 3893 804 3982 parte
831 3885 1069 3980 septemtrionis
1092 3885 1229 3958 fundum
1253 3885 1295 3960 de
1317 3894 1495 3959 memorata
1518 3885 1674 3958 boeclesia

250 4021 355 4095 sancti
376 4019 504 4092 seberi:
531 4041 550 4088 a
573 4023 664 4112 parte
685 4011 863 4086 meridiam
886 4011 1023 4084 tundnm
1046 4013 1216 4086 memorati
1239 4013 1361 4088 domini
1384 4015 1468 4110 petri
1486 4013 1677 4110 palemone-

251 4157 346 4220 stra:
371 4173 390 4219 a
414 4155 505 4244 parte
527 4141 685 4217 boriontis
707 4139 846 4213 iundutn
870 4137 910 4212 de
933 4137 983 4210 itti
1006 4137 1150 4214 denticiz
1178 4149 1311 4236 aparte
1334 4140 1531 4212 hoccidentis
1547 4140 1679 4214 coheret

253 4281 434 4350 memorate
455 4271 542 4368 petia
564 4270 606 4344 de
628 4277 736 4340 terra:
762 4285 827 4360 qne
849 4285 916 4336 nos
932 4263 992 4338 tivi
1014 4264 1162 4360 superius
1184 4264 1453 4338 benumdedimus
1476 4264 1572 4338 sicuti
1594 4265 1678 4337 inter

254 4425 292 4478 se
315 4400 400 4497 sepis
422 4398 565 4473 exfinat:
598 4393 686 4470 unde
717 4389 801 4464 nibil
830 4389 926 4464 novis
957 4389 1045 4462 intus
1071 4389 1156 4484 ipsas
1179 4386 1378 4460 coherenties
1401 4387 1532 4480 aliquod
1561 4388 1678 4460 exinde

158 4537 164 4542 “
255 4525 411 4603 remamtt
433 4533 490 4596 aut
511 4516 746 4594 reobavtmus
767 4536 828 4586 nec
842 4513 879 4588 in
893 4511 997 4586 aliena
1018 4511 1175 4606 emusqm
1188 4509 1353 4606 personis:
1378 4509 1468 4604 quod
1484 4507 1567 4602 apsit
1581 4531 1680 4579 oom-

259 4656 409 4728 misimus
432 4659 489 4722 aut
510 4649 577 4720 iam
600 4642 836 4716 commictimns
859 4611 1074 4734 potestatem:
1099 4644 1149 4709 set
1171 4661 1191 4706 a
1213 4633 1353 4730 presenti
1376 4633 1450 4706 die:
1477 4643 1510 4706 et
1533 4633 1683 4732 deinceps

264 4809 284 4856 a
305 4777 399 4854 nobis
421 4773 482 4848 tivi
505 4773 547 4844 eit
561 4769 791 4844 venumdatum
813 4772 847 4837 et
869 4763 1024 4836 traditum
1037 4761 1072 4834 in
1091 4769 1148 4832 tna
1171 4760 1301 4856 tuisque
1324 4759 1497 4834 heredibus
1519 4761 1560 4832 ait
1583 4771 1683 4856 poto-

263 4917 378 4984 statom
400 4901 560 5002 quidquid
582 4897 700 4970 exinde
722 4895 828 4967 iacere
849 4886 1028 4964 volueritis:
1044 4896 1078 4961 et
1100 4909 1207 4982 neque
1231 4910 1251 4956 a
1274 4884 1367 4958 nobis
1390 4909 1496 4982 nequo
1512 4911 1532 4958 a
1546 4887 1680 4960 nostris:

263 5031 436 5112 boredibm
458 5051 518 5105 neo
533 5021 659 5099 anobis
681 5016 845 5118 personis:
871 5012 1070 5090 summittis:
1096 5011 1187 5085 nullo
1210 5019 1356 5106 tempore
1379 5033 1542 5108 nurquam
1557 5019 1592 5082 to
1608 5033 1683 5081 me-
