4854 6528
895 601 1045 692 (επ)

252 769 447 846 ostendere:
485 771 518 836 st
540 759 639 834 hocce
662 757 698 834 in
720 753 878 854 presentis
904 753 1087 850 recepimus
1110 775 1130 822 s
1152 757 1243 847 psric
1270 755 1327 822 tuo
1350 757 1527 824 memorato
1551 747 1682 826 domins

253 901 341 998 pitru
368 902 584 968 memororum
612 893 852 984 sagramentum
886 879 1012 955 dicente
1040 879 1134 952 noris
1166 886 1204 950 ut
1236 879 1386 974 superius
1418 879 1622 952 asseruistis:
1649 883 1683 950 et
1794 951 1796 954 ,

253 1025 456 1100 definibimus
480 1030 588 1092 tecum
611 1025 645 1089 et
667 1035 744 1088 cnm
766 1007 938 1086 herodibus
961 1006 1026 1080 tuis
1048 1006 1166 1080 exinde
1189 1008 1225 1080 in
1247 1005 1421 1080 omnibus:
1448 1016 1482 1080 ct
1504 1008 1622 1082 amodo
1646 1013 1680 1080 et

253 1172 379 1244 scmpcr
401 1165 565 1241 nunquam
589 1138 839 1237 prssummimus
861 1153 922 1206 nos
945 1137 1002 1203 uui
1024 1127 1197 1202 herodibus
1219 1127 1356 1200 nestris:
1382 1129 1442 1200 tiri
1468 1129 1598 1225 tuisque
1614 1131 1681 1202 be-

253 1272 384 1347 redibus
408 1267 527 1342 cxindc
549 1283 688 1361 quercrc
710 1283 770 1355 por
792 1255 920 1332 nullum
947 1253 1083 1326 modum
1110 1276 1170 1328 nco
1197 1275 1257 1348 per
1284 1249 1412 1324 nullum
1441 1272 1598 1324 umanum
1622 1275 1681 1324 cr-

254 1400 388 1474 bitrium
412 1381 918 1489 necpersummissispsrsouist
943 1379 1202 1474 imperpetuum:
1219 1375 1357 1473 quirico
1373 1374 1467 1448 novis
1482 1373 1683 1450 iudicbotum

256 1532 325 1596 est:
351 1521 380 1592 si
403 1523 512 1592 entem
534 1512 628 1588 diter
650 1507 822 1584 fecerimus
838 1505 879 1578 de
894 1501 959 1576 ibis
974 1499 1124 1574 omuibus
1138 1499 1326 1574 memoratis
1341 1521 1400 1594 per
1415 1499 1533 1596 qnosis
1548 1499 1682 1574 modum

256 1653 314 1720 ant
336 1638 512 1716 summissis
534 1632 679 1734 porsoru's
701 1640 779 1706 bruc
801 1625 1025 1723 componimus
1047 1643 1106 1696 nos
1121 1629 1155 1696 ct
1168 1621 1340 1696 herodibus
1356 1623 1497 1694 nostris:
1516 1617 1575 1694 siri
1591 1621 1681 1694 tuis·

257 1793 323 1868 que
346 1763 547 1840 heredibus:
573 1759 645 1833 euri
668 1755 788 1830 solidos
810 1751 984 1826 duodecim
1006 1747 1212 1846 bysanteos:
1239 1753 1273 1820 st
1295 1745 1357 1820 bec
1379 1743 1526 1818 chartula
1554 1745 1684 1818 securi-

258 1895 333 1974 etis
355 1903 393 1968 ut
415 1913 513 1987 super
533 1885 665 1982 legitur.
688 1881 732 1954 sit
754 1879 847 1954 firme
870 1874 988 1969 scripte
1011 1895 1070 1968 per
1084 1895 1183 1948 monn
1206 1869 1293 1944 leoni
1316 1867 1445 1944 curiclis
1467 1889 1527 1966 per
1550 1889 1684 1942 msmc-

258 2032 329 2094 ruta
352 2021 491 2095 secundo
514 2013 689 2090 indictione

355 2149 419 2219 hoc
441 2147 572 2240 signum
594 2138 626 2236 †
649 2161 766 2216 monus
789 2131 960 2210 msmoroti
982 2127 1067 2225 petri
1089 2126 1217 2202 sororii
1241 2124 1295 2198 cui
1319 2147 1415 2221 snpra
1445 2145 1564 2198 nomen
1591 2125 1682 2198 corbi
1805 2109 1817 2124 ‘

259 2287 293 2348 st
315 2282 492 2349 memorato
515 2279 589 2342 nutu
613 2267 677 2340 hcc
700 2273 749 2340 cst
772 2260 896 2356 iugules
918 2255 1009 2354 qnod
1031 2274 1094 2350 cgo
1117 2253 1177 2349 qni
1200 2259 1397 2325 memoratos
1420 2249 1462 2320 nb
1484 2251 1532 2322 eis
1555 2259 1685 2344 rogatus

260 2421 323 2494 pro
348 2397 395 2468 cis
418 2391 592 2484 subscripsi
617 2386 648 2482 †

355 2507 386 2618 '†
409 2520 481 2611 Ego
504 2523 614 2612 pecus
636 2509 773 2586 cunulis
796 2517 930 2602 rogetus
953 2513 1189 2581 s'memcrntcs
1216 2503 1340 2600 iugules
1361 2505 1435 2576 testi
1458 2502 1631 2597 subscripsi
1654 2502 1684 2597 †
1762 2527 1764 2530 ·

356 2647 388 2742 †
411 2667 474 2740 ego
496 2640 665 2738 gregorius
687 2635 774 2708 filius
806 2630 930 2707 domini
953 2629 1066 2702 stefani
1100 2637 1269 2722 rogntnsn
1292 2629 1523 2724 suprascriptos
1559 2627 1683 2723 iugales

264 2776 337 2852 serti
359 2768 532 2872 subscripsi
555 2763 587 2860 †
1377 2828 1378 2834 ,

360 2899 477 2996 †ego
500 2891 655 2966 iohannes
679 2887 764 2963 filius
788 2883 910 2960 domini
937 2880 1084 2956 iohannis
1108 2885 1239 2975 rogatus
1264 2901 1283 2950 n
1306 2881 1537 2974 suprascriptos
1561 2877 1684 2974 iugules

266 3028 339 3102 resti
362 3019 534 3118 subscripsi
557 3017 588 3114 †
1618 3021 1625 3037 ·
