4854 6528
1394 695 1535 791 (ma)

745 859 960 954 percipiamus
984 861 1090 948 partes
1115 861 1192 922 tres.
1218 859 1252 920 et
1273 857 1311 921 tu
1335 858 1367 919 et
1391 845 1526 942 posteris
1550 844 1614 916 tuis
1637 849 1728 938 parte
1751 865 1816 916 una
1841 851 1874 918 et
1897 865 1957 914 nos
1981 853 2015 916 et
2034 845 2169 922 heredes

746 989 863 1061 uostris
888 985 981 1056 robis
1003 981 1084 1054 illud
1108 981 1224 1053 exinde
1246 979 1338 1050 omni
1361 999 1469 1050 annuo
1492 975 1641 1046 atducere
1657 971 1829 1045 debeamus
1843 971 1944 1064 gratis
1959 997 2076 1069 nsque.
2095 991 2168 1048 ante

746 1114 836 1206 regie
860 1109 972 1183 domui
995 1115 1171 1178 memorate
1195 1104 1328 1174 ecclesie
1361 1101 1474 1172 vinum
1505 1098 1584 1168 bero
1618 1107 1776 1192 quantum
1799 1095 1890 1168 omni
1915 1121 2023 1168 annuo
2047 1100 2170 1176 ibidem

747 1243 825 1311 deus
850 1237 973 1308 dederit
995 1234 1029 1304 iu
1054 1245 1161 1304 nostra
1187 1232 1227 1300 sit
1250 1235 1440 1323 potestatem
1463 1227 1506 1296 ba
1530 1247 1616 1296 nunc
1640 1236 1673 1296 et
1696 1227 1798 1296 donec
1822 1245 1880 1294 noa
1897 1237 1929 1294 ct
1949 1225 2082 1300 heredes
2097 1253 2167 1300 no-

746 1369 820 1439 stris
843 1366 963 1438 ibidem
985 1363 1155 1434 fecerimus
1180 1359 1293 1427 vinnm
1316 1362 1459 1426 mustum
1483 1354 1642 1424 mundum
1665 1351 1783 1422 bornas
1811 1353 1957 1446 quinque
1980 1354 2021 1424 ad
2044 1355 2164 1430 bornae

748 1498 788 1568 de
812 1498 990 1566 memorato
1015 1487 1087 1555 loco
1111 1485 1262 1554 facientes
1286 1491 1395 1552 autem
1419 1480 1539 1554 ibidem
1561 1479 1677 1552 vinum
1700 1490 1844 1551 mustum
1867 1482 2025 1552 mundum
2050 1481 2170 1558 horna

748 1625 892 1718 quinque
915 1625 948 1688 at
971 1615 1088 1684 hornas
1113 1634 1155 1681 ex
1178 1611 1249 1704 ipso
1272 1609 1346 1680 loco
1369 1621 1527 1705 quantum
1542 1610 1656 1682 vinum
1673 1637 1692 1681 n
1709 1619 1785 1682 tune
1802 1609 1891 1680 omni
1915 1631 2023 1682 annuo
2047 1613 2168 1686 ibidem

750 1748 827 1818 deus
852 1737 976 1814 dederit
990 1737 1148 1807 mundum
1164 1745 1195 1804 et
1210 1757 1405 1828 saccapanna
1422 1734 1603 1806 dividamus
1618 1735 1711 1806 illum
1727 1735 1810 1805 inter
1825 1733 1918 1806 nobis
1933 1758 1993 1828 per
2006 1737 2170 1809 medicta-

747 1884 813 1942 tem
838 1889 897 1938 nos
920 1873 1029 1936 autem
1048 1872 1081 1936 et
1103 1863 1237 1934 heredes
1261 1863 1379 1934 nostris
1402 1863 1519 1934 exinde
1541 1861 1756 1956 percipiamus
1779 1861 1994 1934 medietatem.
2020 1875 2053 1935 et
2077 1875 2112 1936 tu
2136 1875 2169 1937 et

745 1993 881 2090 posteris
904 1989 1051 2062 similiter
1075 1987 1136 2058 alia
1161 1987 1343 2057 medietate.
1367 1995 1415 2056 set
1439 1986 1508 2079 ipsa
1531 1985 1702 2058 medietate
1725 1995 1831 2058 verua
1855 2009 1913 2058 vos
1936 1985 2030 2060 vobis
2053 1990 2168 2063 exinde

747 2121 838 2194 omni
862 2140 972 2189 annuo
996 2115 1123 2187 trahere
1148 2113 1288 2184 debeatis
1312 2121 1345 2182 at
1368 2115 1458 2184 omni
1482 2114 1790 2208 vestrocxspendio.
1817 2123 1925 2208 preter
1945 2138 2005 2186 nos
2019 2127 2053 2188 et
2069 2116 2169 2190 bere-

747 2253 805 2322 des
832 2247 949 2320 nostris
973 2243 1065 2316 vobis
1089 2243 1169 2316 illud
1199 2263 1390 2314 conservare
1419 2241 1591 2314 debeamus
1617 2243 1652 2312 in
1685 2264 1825 2335 organea
1850 2251 1960 2316 nostra
1988 2244 2057 2318 dies
2089 2257 2165 2318 tres.

748 2376 911 2471 operarios
937 2395 1016 2448 vero
1041 2385 1073 2444 at
1100 2369 1386 2443 vindemniandum
1410 2379 1443 2442 et
1468 2372 1581 2443 vinum
1607 2379 1639 2438 at
1661 2371 1836 2444 vibbndum
1857 2395 1919 2464 pro
1944 2373 2021 2464 ipsis
2045 2395 2170 2467 opera-

748 2503 805 2573 riis
833 2525 891 2598 per
914 2500 1098 2574 vindemnia
1122 2501 1162 2570 de
1187 2521 1326 2570 comune
1352 2499 1465 2569 demus
1493 2507 1526 2568 et
1549 2498 1746 2590 pargicmus.
1774 2509 1910 2594 excepto
1938 2520 2003 2570 una
2027 2524 2169 2594 persona

749 2637 789 2706 de
812 2651 871 2702 nos
894 2627 952 2722 qui
976 2649 1041 2697 uon
1066 2625 1182 2695 exinde
1206 2625 1399 2718 pargiemus.
1433 2633 1466 2696 et
1498 2623 1695 2720 quandoque
1728 2647 1789 2718 pro
1816 2633 1960 2721 tempore
1984 2627 2107 2699 ibidem
2139 2641 2172 2700 at

627 2795 631 2804 ·
747 2753 1002 2848 recolligendum
1029 2749 1180 2822 beneritis
1203 2757 1258 2818 aut
1282 2748 1463 2822 direxeritis
1479 2773 1582 2822 unum
1599 2749 1744 2823 ominem
1760 2761 1793 2822 et
1804 2749 1966 2822 caballum
1989 2750 2058 2823 eius
2082 2775 2169 2824 enu-

747 2881 826 2951 trire
855 2877 995 2951 debeatis
1019 2885 1056 2946 ut
1083 2877 1205 2948 iustum
1229 2871 1339 2946 luerit.
1368 2887 1401 2945 et
1435 2873 1617 2947 nuliatenus
1653 2894 1854 2966 presummes
1884 2881 1923 2944 tn
1949 2881 2006 2944 aut
2034 2878 2169 2968 posteris

747 3007 813 3076 tuis
839 3027 899 3074 nec
922 3003 1067 3074 habeatis
1088 3001 1252 3072 licentiam
1268 2998 1489 3093 prenominata
1506 3000 1631 3092 integra
1649 3005 1736 3070 terra
1753 3021 1852 3094 quam
1866 3005 1899 3068 at
1920 3021 2072 3094 campum
2091 3001 2169 3078 iuris

750 3139 927 3204 memorate
951 3129 1082 3200 ecclesie
1106 3127 1334 3224 omnibusque.
1359 3128 1421 3199 siri
1444 3127 1678 3222 pertinentibus
1693 3135 1730 3198 ut
1744 3149 1842 3222 super
1856 3127 1976 3222 legitur
1992 3131 2085 3202 nobis
2103 3155 2168 3204 no-

751 3259 899 3353 strisque.
924 3255 1095 3329 heredibus
1118 3255 1230 3328 tollere
1263 3281 1321 3352 per
1353 3257 1478 3328 nullum
1501 3255 1636 3328 modum
1659 3279 1718 3327 nec
1742 3278 1800 3350 per
1823 3257 2001 3328 summissis
2024 3261 2168 3351 personis

749 3405 809 3456 nos
831 3382 913 3454 bene
935 3383 1113 3454 lavorantes
1137 3391 1170 3454 et
1193 3381 1392 3475 atimplentes
1415 3380 1524 3450 omnia
1547 3388 1734 3450 memorata.
1757 3378 1987 3452 Verumtamen
2000 3383 2087 3453 stetit
2102 3405 2168 3456 no·

750 3513 800 3583 bis
822 3521 861 3583 ut
882 3512 910 3582 si
934 3521 970 3582 tu
990 3520 1046 3581 aut
1069 3509 1205 3604 posteris
1227 3509 1292 3582 tuis
1315 3509 1436 3580 ibidem
1460 3531 1637 3600 organeum
1662 3505 1838 3578 habueritis
1865 3531 1926 3603 pro
1949 3509 2168 3603 recipiendum

748 3639 816 3732 ipsa
840 3636 1009 3710 medietate
1032 3645 1136 3706 vestra
1160 3657 1202 3706 ex
1225 3632 1331 3726 ipsum
1353 3632 1468 3706 vinum
1492 3631 1560 3702 sibe
1584 3633 1619 3702 in
1643 3655 1714 3702 casa
1737 3635 1840 3705 ierrea
1854 3633 1923 3706 sibe
1940 3633 1973 3704 in
1988 3633 2097 3708 locum
2112 3637 2169 3732 qui

749 3775 883 3834 vocatur
907 3761 1101 3835 tevoriolum
1124 3769 1202 3832 tunc
1226 3783 1285 3832 nos
1318 3769 1351 3830 et
1373 3759 1508 3832 heredes
1531 3761 1649 3830 nostris
1672 3761 1765 3832 vobis
1788 3761 1870 3832 illud
1893 3773 2020 3857 portare
2044 3763 2169 3836 debea-

749 3914 967 3986 mucusque.
1004 3897 1037 3962 at
1059 3891 1167 3984 ipsum
1198 3911 1377 3982 organeum
1409 3897 1553 3960 vestrum
1587 3889 1613 3958 si
1646 3890 1830 3962 abuerimus
1862 3891 1961 3964 vobes
1989 3892 2168 3964 sinautem

750 4015 976 4085 conserbemus
999 4015 1092 4084 vobis
1115 4014 1194 4087 illud
1220 4013 1288 4085 dies
1312 4021 1377 4084 tres
1408 4023 1446 4084 ut
1477 4035 1574 4105 super
1597 4013 1739 4105 legitur:
1775 4015 1860 4099 Quia
1889 4016 1933 4086 ita
1957 4015 2050 4088 nobis
2073 4039 2169 4088 com-

749 4140 878 4234 placui:
905 4137 940 4206 Si
963 4147 1071 4208 autem
1094 4163 1153 4210 nos
1177 4148 1233 4209 aut
1255 4141 1390 4212 heredes
1415 4141 1532 4210 nostris
1548 4141 1669 4234 quovis
1684 4151 1828 4234 tempore
1845 4149 1961 4213 contra
1977 4142 2061 4214 bnnc
2074 4141 2170 4212 cbar-

749 4267 850 4338 tulam
873 4265 1093 4360 promissionis
1109 4277 1145 4337 ut
1161 4287 1257 4360 super
1273 4267 1393 4361 legitur
1408 4265 1519 4337 venire
1535 4267 1801 4357 presumserimus
1821 4292 1879 4362 per
1901 4267 2018 4362 quovis
2034 4269 2168 4340 modum

749 4403 804 4465 aut
826 4395 1003 4466 summissis
1027 4395 1181 4490 personis.
1205 4403 1283 4466 tunc
1306 4391 1530 4486 componimus
1554 4391 1613 4462 tibi
1636 4393 1835 4488 posterisque
1864 4395 1927 4465 tuis
1955 4393 2027 4464 auri
2050 4393 2172 4465 solidos

748 4519 880 4615 triginta
904 4545 961 4594 sex
985 4521 1188 4616 bythianteos
1212 4529 1244 4591 ct
1267 4519 1328 4591 bec
1351 4517 1496 4590 chartule
1520 4525 1557 4590 ut
1580 4539 1678 4612 super
1700 4517 1820 4613 legitur
1843 4517 1885 4588 sit
1908 4518 2025 4590 firma:
2051 4518 2171 4614 scripta

747 4667 805 4736 per
829 4667 941 4716 manus
965 4647 1048 4738 petri
1071 4647 1201 4718 curialis
1224 4669 1282 4740 per
1306 4645 1481 4720 indictione
1505 4659 1682 4720 memorata
1704 4645 1900 4743 prima†et
1913 4647 1977 4720 boc
2001 4647 2172 4721 memorati

749 4787 860 4838 sumus
884 4777 921 4837 ut
944 4770 1021 4860 ipsis
1044 4773 1201 4863 operariis
1224 4783 1258 4842 at
1280 4773 1566 4848 uindemniandum
1589 4797 1648 4846 nos
1672 4786 1704 4846 et
1726 4775 1860 4847 heredes
1884 4775 2001 4846 nostris
2026 4775 2172 4869 pergiarc

751 4891 925 4964 debeamus
948 4893 987 4964 de
1011 4893 1079 4986 ipsa
1105 4897 1276 4974 medietate
1299 4911 1410 4971 nostra
1435 4899 1524 4974 omni
1548 4921 1656 4970 annuo
1679 4907 1712 4969 et
1735 4898 1843 4992 ipsum
1866 4899 1981 4972 vinum
2001 4919 2173 4994 supernos
