4876 6532
834 667 846 762 (
877 676 983 759 119)
1205 741 1219 784 ⁸

708 1042 712 1050 1
869 954 951 1026 cvl.
989 1003 996 1016 .

219 1273 222 1278 .
296 1211 386 1308 †ln
407 1213 540 1285 nomine
562 1209 687 1284 domim
709 1208 762 1284 dei
780 1207 951 1280 ‘salvatoris
973 1206 1079 1283 nostri
1099 1206 1196 1280 lbesu
1219 1207 1340 1282 Christi
1362 1211 1544 1306 Imperante
1560 1221 1625 1290 do-
1692 1248 1749 1294 an.

209 1341 296 1412 mino
318 1349 429 1410 nostro
452 1337 623 1432 uieipburo
637 1359 755 1428 magno
769 1337 965 1427 Imperatore
979 1357 1064 1406 auno
1078 1335 1228 1410 seeundo.
1252 1336 1315 1409 Die
1331 1337 1492 1412 tricesima
1506 1345 1625 1414 mensis
1678 1357 1764 1420 964.

204 1463 385 1536 nobembrii
405 1463 581 1534 indictione
604 1459 718 1532 octaba
741 1458 887 1552 neapoli:
904 1458 1037 1566 derium
1059 1468 1107 1533 eet
1129 1483 1190 1544 nos
1203 1463 1345 1556 sergium
1359 1462 1517 1543 humilem
1532 1490 1625 1564 ygu-

205 1611 339 1664 meuum
363 1590 550 1662 monauerii
581 1597 766 1661 sanctorum
796 1587 894 1680 sergii
916 1595 950 1658 et
972 1585 1067 1658 bachi
1090 1588 1149 1684 qui
1181 1611 1270 1660 nune
1298 1600 1512 1686 congregatus
1535 1617 1569 1668 es
1592 1597 1627 1670 in

86 1711 93 1728 '
201 1717 400 1788 monasterio
423 1725 609 1790 eanotorum
631 1714 779 1789 theudori
803 1724 836 1786 et
859 1713 1029 1788 ebatimi
1051 1716 1111 1810 qui
1146 1715 1324 1810 appellatur
1348 1719 1506 1812 summota
1529 1721 1627 1794 situm

202 1837 239 1908 in
266 1839 422 1912 viridario
444 1863 509 1914 una
532 1863 608 1914 oum
630 1851 745 1912 ennete
777 1853 886 1912 nostra
922 1839 1172 1934 congregatione
1207 1839 1443 1913 monachorum
1470 1843 1573 1914 saneti
1596 1857 1629 1918 et

198 1963 397 2036 renerebilis
420 1965 522 2036 nostri
545 1963 742 2038 monasterii:
767 1967 798 2036 Α
820 1965 960 2058 presenti
982 1963 1035 2036 die
1057 1963 1273 2059 promtissima
1296 1966 1462 2039 uoluntate
1485 1970 1630 2061 promit-

200 2088 304 2160 timus
330 2088 389 2158 u'bi
412 2088 567 2181 stephano
592 2089 766 2162 venerabili
796 2089 973 2182 presbitero
1002 2089 1070 2162 lilio
1093 2090 1226 2184 quidem
1249 2091 1336 2164 leoni
1358 2099 1391 2163 et
1413 2093 1535 2164 mariue
1566 2093 1632 2165 boe

201 2225 253 2288 et
275 2212 446 2306 segnius.
469 2223 602 2306 proper
625 2215 749 2306 uem
772 2216 905 2288 ecclesa
927 2223 1037 2288 noua
1060 2216 1218 2288 venno
1238 2217 1338 2288 suen
1354 2217 1458 2290 roes
1472 2218 1534 2288 ou
1548 2241 1630 2292 vero
1780 2178 1789 2207 ²

204 2357 310 2410 secus
324 2333 428 2430 platee
450 2357 516 2429 qne
539 2346 675 2406 voratur
697 2336 786 2408 radis
808 2337 886 2412 solis
908 2337 968 2432 qui
990 2349 1022 2414 et
1044 2340 1173 2432 gurgite
1197 2338 1323 2412 duur.
1346 2339 1427 2412 iuris
1459 2345 1643 2414 memorati·

205 2463 309 2536 sanoti
331 2463 434 2536 nostri
457 2461 643 2534 monasterii
667 2461 830 2552 una'oum
859 2462 1109 2534 hesitationibus
1131 2473 1165 2538 et
1186 2465 1275 2538 sellis
1298 2473 1332 2539 et
1354 2465 1504 2538 omuibus
1534 2466 1630 2540 rebus
1649 2477 1660 2500 '

205 2586 393 2662 mbslentiis
414 2596 448 2658 et
469 2583 720 2680 possessionibus
734 2584 835 2678 ipsius
858 2585 942 2660 dicte
958 2586 1109 2662 eeclesiae
1124 2598 1232 2660 nostre
1246 2590 1441 2684 pertinentes
1456 2589 1631 2664 omnibus-
1748 2643 1754 2648 -

206 2735 277 2808 que
301 2713 347 2786 eie
369 2711 524 2805 partibus.
557 2710 614 2783 ubi
638 2711 771 2823 domino
805 2711 1010 2808 adlubentem
1041 2722 1075 2785 te
1102 2711 1223 2788 ibidem
1258 2717 1425 2788 custodem
1460 2717 1629 2810 posuimus

205 2839 252 2912 ba
277 2861 364 2914 nuno
387 2849 423 2910 et
442 2839 592 2914 omnibtu
615 2819 727 2912 liebus
754 2839 821 2914 site
843 2848 907 2914 tuo.
937 2841 972 2912 iu
1004 2861 1046 2914 eo
1076 2841 1164 2913 enim
1194 2851 1305 2914 tenore
1336 2851 1375 2914 nt
1405 2823 1631 2936 prenominata
1713 2821 1716 2828 ’

206 2967 343 3040 eeclesia
365 2977 476 3037 nostra
500 2965 666 3038 vocabulo.
680 2967 779 3039 saneti
802 2965 906 3040 suberi
928 2989 1004 3040 mm
1026 2966 1177 3038 omuibus
1199 2967 1384 3042 memoratis
1407 2991 1451 3040 ex
1470 2993 1508 3040 ea
1525 2971 1634 3063 perti·-

206 3101 323 3166 mes
346 3091 560 3184 mumque
582 3091 630 3164 es
652 3090 883 3184 psusennes
975 3141 986 3164 .
1001 3091 1133 3164 emen
1149 3115 1214 3188 qus
1237 3115 1297 3188 pr
1318 3093 1560 3166 moenum·
1573 3094 1634 3164 ιιι

208 3215 487 3311 assignaverimus
510 3224 542 3288 et
564 3237 640 3288 oum
662 3215 772 3286 omnia
794 3237 858 3309 que
882 3239 902 3286 ι
924 3214 1048 3288 uiribus
1061 3222 1095 3285 et
1108 3214 1298 3288 mulieribus
1323 3215 1371 3286 ibi
1398 3217 1551 3288 offertum
1581 3215 1634 3288 rel

206 3339 355 3416 onum
367 3338 476 3412 ¹inerit
497 3337 647 3412 omnibus
669 3337 793 3412 diebus.
807 3339 880 3414 vite.
894 3349 950 3412 tue
972 3336 1007 3408 in
1030 3347 1086 3410 tua
1107 3337 1151 3408 sit
1173 3345 1362 3430 potestatem
1376 3338 1506 3410 tenendi
1521 3346 1554 3410 et
1568 3339 1635 3408 do-

207 3463 435 3536 miuendiseu
455 3463 619 3556 lrugiandi
642 3465 738 3537 etde
761 3464 829 3557 ipsa
851 3461 1125 3556 [reputationis
1148 3483 1213 3554 que
1237 3459 1389 3532 volueris.
1413 3461 1461 3530 ite
1484 3469 1517 3530 et
1540 3469 1575 3530 tu
1599 3463 1635 3531 iu

209 3591 323 3662 eadem
346 3589 479 3664 eeclesia
500 3599 621 3662 nostra.
643 3590 861 3682 superavitere
884 3602 917 3658 et
939 3589 1079 3666 residere
1102 3586 1218 3660 debeas
1241 3585 1284 3658 ba
1307 3609 1393 3660 nuno
1418 3595 1451 3658 et
1482 3585 1634 3658 omuibus

209 3713 326 3789 diebus
348 3713 416 3786 vite
437 3721 493 3784 tue
517 3723 550 3785 et
572 3735 701 3784 omnem
726 3712 868 3786 officium
891 3711 1120 3785 socerdotalem
1146 3711 1266 3785 ibidem
1286 3707 1409 3782 benere
1432 3710 1548 3783 debens
1571 3709 1635 3782 boe

209 3851 259 3912 est
281 3839 433 3933 beeperos
454 3846 490 3910 et
510 3839 684 3911 muudus
705 3861 765 3911 seu
787 3841 957 3912 missarum
976 3839 1144 3912 sollemnia
1160 3849 1193 3910 ot
1209 3837 1298 3910 horis
1314 3837 1464 3910 leudibus
1486 3847 1521 3909 et
1541 3837 1636 3910 lum·

208 3961 791 4038 minariorumoonoinmtionemibi
814 3963 944 4036 exibere
968 3963 1082 4036 debeas
1105 3973 1142 4034 ut
1157 3964 1244 4057 apud
1258 3963 1358 4036 deum
1379 3959 1633 4054 omnipotentem

209 4091 271 4164 tibi
294 4092 411 4165 mersis
435 4092 595 4165 edorum
610 4099 643 4162 et
658 4089 744 4182 opud
767 4083 1047 4164 homiuibuslaus.
1063 4088 1161 4159 etiam
1174 4087 1402 4182 quodcumque
1419 4085 1488 4180 ipsa
1503 4086 1637 4158 ecelesia

211 4227 321 4290 nostra
343 4215 397 4288 rel
419 4214 498 4308 ipsis
520 4211 746 4295 evitetionibus
768 4212 838 4288 eius
862 4216 901 4286 ad
925 4211 1135 4290 ooneieudum
1157 4209 1308 4284 habueris
1332 4221 1369 4282 tu
1385 4209 1465 4282 illud
1489 4209 1637 4281 condere

212 4342 330 4416 debeas
351 4343 393 4414 ed
415 4343 506 4416 omui
528 4353 586 4414 tuo
610 4341 781 4436 expendis.
794 4340 938 4434 iusuper
961 4340 1002 4412 lra
1025 4363 1111 4420 nuno
1134 4349 1167 4412 et
1189 4332 1340 4410 omuibus
1355 4335 1467 4408 diebm
1490 4336 1558 4406 site
1583 4344 1637 4408 tue

219 4471 309 4544 omni
333 4469 777 4562 ennuonobispnsterieque
790 4463 910 4538 nostris
924 4477 1169 4560 memoratoque
1183 4474 1292 4536 murto
1308 4472 1418 4534 nostro
1442 4459 1637 4534 monasterio

214 4597 335 4669 uisse
358 4597 436 4669 sue
452 4606 490 4668 at
511 4595 650 4689 uses
672 4595 787 4667 seno
814 4573 1096 4687 perannaturum
1125 4589 1246 4662 semin
1280 4589 1402 4660 otum
1425 4587 1529 4682 pue
1558 4596 1637 4686 uer,

212 4731 325 4820 siper
348 4719 614 4792 resurectionem
638 4718 760 4792 domini
783 4717 930 4788 similiter
952 4716 1074 4786 oblatas
1096 4713 1200 4808 paries
1225 4723 1300 4784 tres.
1334 4721 1372 4784 et·
1390 4735 1448 4806 per
1470 4711 1635 4784 lestiuita·

212 4857 278 4919 tem
302 4857 478 4920 memorate
500 4847 632 4918 eoelesie
653 4847 753 4918 eauob'
767 4845 871 4918 seheri
880 4843 1007 4934 oblatqs
1022 4843 1150 4934 perium
1167 4861 1270 4910 uuum
1284 4839 1416 4932 absque.
1431 4838 1523 4908 mni
1539 4859 1637 4908 ams-

214 4969 402 5041 rioationem
418 4969 506 5042 nulla
522 4969 614 5042 uobis
631 4973 830 5063 posterisque
845 4967 962 5038 nostris
977 4965 1095 5036 exinde
1104 4963 1199 5036 omui
1220 4985 1328 5036 errnuo
1345 4961 1509 5034 mittentes
1523 4981 1638 5032 wosn-
