4876 6532
1397 617 1412 706 (
1438 625 1479 684 ⁵⁸
1506 613 1518 709 )

758 771 939 867 persolbere
973 769 1146 839 debeamus
1182 767 1420 861 imperpetuum
1446 775 1482 834 ut
1505 789 1601 859 super
1635 764 1773 857 legitur:
1810 766 1943 858 Insuper
1972 767 2062 836 omni
2086 775 2174 837 mm-

759 921 838 994 pore
861 919 920 970 ros
942 904 975 966 et
997 905 1140 988 posteras
1164 899 1283 964 vestras
1318 903 1350 962 et
1383 894 1549 962 nominato
1585 900 1695 961 sancto
1728 899 1836 961 vestro
1873 893 2066 962 monasterio
2089 893 2172 962 mihi

761 1022 907 1114 meisque
941 1017 1113 1089 heredibus
1146 1017 1226 1086 illud
1256 1015 1290 1085 in
1313 1015 1462 1086 omnibus
1485 1013 1669 1105 apartibus
1695 1014 1810 1084 militie
1834 1023 1867 1083 et
1900 1013 2173 1104 langubardorum

762 1154 799 1218 et·
818 1146 858 1215 ab
882 1166 994 1215 omnes
1018 1143 1140 1213 omines
1175 1142 1330 1234 omnique
1364 1161 1500 1232 persons
1528 1147 1684 1206 antestare
1715 1148 1748 1208 et
1776 1139 1945 1208 defendere
1969 1137 2109 1206 debeatis
2134 1137 2166 1207 in

760 1279 953 1368 perpetuum
976 1269 1072 1340 sicuti
1095 1276 1127 1340 et
1150 1267 1314 1361 quomodo
1338 1264 1372 1331 in
1395 1261 1545 1330 omnibus
1574 1260 1642 1353 ipsa
1673 1270 1782 1330 nostra
1805 1261 1947 1330 continet
1970 1261 2114 1332 chartule
2138 1263 2173 1332 in
2199 1269 2201 1275 '

760 1395 996 1486 omnibusque
1020 1402 1056 1461 tu
1080 1391 1171 1461 nobis
1195 1388 1312 1459 exinde
1335 1384 1479 1454 fecistis:
1514 1385 1610 1452 etism
1634 1383 1721 1454 stetit
1743 1383 1835 1453 nobis
1858 1391 1895 1454 ut
1918 1385 1946 1454 si
1970 1383 2063 1454 nobis
2088 1398 2177 1454 ante·

757 1529 843 1590 stare
866 1540 931 1586 non
954 1513 1122 1606 potueritis
1146 1521 1211 1578 tres
1233 1507 1333 1601 petius
1367 1505 1406 1578 de
1438 1505 1616 1576 nominatas
1640 1518 1741 1579 terras
1765 1532 1903 1603 quarum
1928 1534 1992 1580 une
2016 1533 2080 1603 que
2104 1531 2173 1578 ro·

762 1655 853 1716 cetur
875 1639 954 1708 silba
987 1639 1026 1708 de
1055 1659 1171 1728 ccmpu
1205 1633 1363 1706 memorie
1396 1636 1534 1706 secunda
1570 1657 1634 1730 que
1658 1635 1841 1706 nominetur
1871 1647 1904 1708 at
1929 1637 2068 1708 tribeum
2097 1657 2173 1706 cum

759 1767 946 1842 intersicum
977 1787 1074 1834 suum
1105 1763 1199 1834 tertie
1230 1789 1295 1858 que
1329 1761 1516 1832 nominatur
1544 1783 1695 1854 campum
1725 1766 1765 1833 sd
1788 1763 1921 1834 sorbum
1947 1777 2022 1832 tunc
2045 1771 2170 1832 uncum

758 1894 850 1965 robis
872 1890 1054 1986 persolbere
1077 1890 1250 1962 debeamus
1274 1889 1418 1958 triticum
1441 1889 1549 1958 modia
1573 1897 1648 1958 octo
1674 1899 1706 1960 et
1728 1889 1835 1982 ipsum
1855 1889 1981 1981 pullum
2003 1909 2079 1954 nem
2094 1885 2174 1954 nihii

759 2008 889 2115 plus'in
913 2017 1079 2090 nominato
1101 2027 1213 2090 tenore
1237 2025 1274 2088 ut
1296 2039 1393 2109 super
1415 2015 1558 2107 iegiturt
1585 2017 1816 2088 Verumtamen
1839 2013 1867 2083 si
1888 2013 2005 2107 quovis
2030 2019 2174 2104 tempore

761 2156 797 2216 tu
820 2153 876 2215 aut
899 2151 1042 2237 posteras
1065 2152 1137 2214 tues
1159 2143 1212 2216 vel
1235 2143 1417 2212 nominatus
1440 2151 1568 2214 sanctus
1591 2152 1697 2214 vester
1720 2142 1932 2213 monasterius
1955 2142 1989 2210 in
2005 2142 2171 2212 nominato

760 2269 834 2340 loco
856 2268 930 2362 pius
953 2279 1054 2338 terres
1070 2268 1199 2338 sincere
1214 2267 1385 2358 potueritis
1400 2291 1442 2336 ex
1459 2267 1529 2358 ipso
1546 2269 1647 2338 mndo
1660 2267 1855 2360 pertinentes
1871 2277 1947 2338 tunc
1964 2267 2045 2338 mibi
2069 2268 2172 2338 meis·-

760 2419 826 2489 que
850 2393 1024 2465 heredibus
1048 2391 1127 2462 iliud
1151 2392 1227 2462 dare
1242 2389 1384 2460 debeatis
1398 2389 1434 2460 in
1449 2390 1616 2460 nominato
1632 2399 1745 2460 tenore
1759 2391 1938 2464 antestsndi
1960 2402 1992 2464 et
2009 2415 2068 2464 nos
2082 2393 2175 2464 robis

761 2541 821 2612 per
844 2517 1034 2588 ratiocineas
1057 2515 1129 2608 pius
1152 2511 1405 2606 responsaticum
1427 2511 1660 2604 superiungere
1690 2511 1883 2582 debeamus:
1909 2513 1994 2596 Quia
2022 2513 2066 2584 ita
2091 2515 2177 2586 inter

762 2642 855 2713 nobis
878 2642 1062 2713 combenit:
1097 2641 1131 2710 Si
1160 2649 1268 2710 autem
1301 2659 1364 2728 ego
1398 2645 1453 2706 aut
1485 2635 1619 2706 heredes
1647 2635 1727 2706 meis
1758 2635 1875 2729 quovis
1900 2647 2043 2729 tempore
2067 2649 2178 2712 eontra

763 2765 848 2836 hanc
871 2765 1051 2836 chartulam
1074 2775 1112 2837 ut
1135 2761 1374 2856 supertegitur
1397 2760 1507 2832 venire
1531 2759 1797 2852 presumserimns
1814 2768 1846 2830 et
1860 2759 1992 2832 minime
2010 2763 2176 2856 adimple-

763 2887 908 2958 verimus
931 2887 993 2957 hec
1015 2889 1123 2956 omnia
1146 2886 1310 2956 nominata
1332 2907 1390 2977 per
1420 2884 1537 2978 quovis
1569 2883 1702 2954 modum
1734 2892 1790 2953 ant
1821 2882 1998 2954 summissis
2030 2887 2176 2976 personis

763 3020 841 3080 tunc
853 3007 1076 3100 componimus
1092 3007 1149 3076 tibi
1165 3017 1371 3100 posterasque
1399 3017 1468 3078 tuas
1494 3017 1526 3080 et
1542 3009 1583 3078 ad
1599 3007 1765 3078 nominato
1794 3015 1903 3077 saneto
1919 3019 2027 3079 vestro
2057 3033 2177 3082 mona-

764 3131 863 3200 sterio
887 3130 958 3200 auri
980 3129 1098 3200 solidos
1122 3130 1252 3222 triginta
1275 3152 1333 3198 sex
1355 3128 1559 3221 bytbienteos
1583 3129 1698 3200 etheo
1722 3129 1866 3198 chartula
1882 3139 1919 3198 ut
1942 3153 2038 3223 super
2060 3131 2177 3224 legitur

764 3253 807 3324 sit
829 3253 921 3322 tirmr
944 3252 1199 3344 imperpetuum:
1216 3253 1334 3345 scripta
1348 3276 1407 3346 per
1431 3276 1545 3325 manus
1568 3255 1653 3348 petri
1676 3251 1806 3324 curisiis
1819 3275 1878 3348 per
1893 3255 2056 3327 nominata
2073 3258 2178 3352 quin-

765 3378 922 3450 tadecima
945 3378 1122 3448 indictione
1146 3375 1176 3470 †

718 3583 720 3588 ¹
859 3499 976 3596 †ego
999 3501 1051 3571 leo
1074 3500 1232 3594 presbiter
1255 3500 1483 3596 subscripsi†

859 3623 977 3720 †ego
1001 3625 1146 3696 marinus
1169 3627 1253 3696 filins
1283 3627 1408 3698 domini
1440 3627 1554 3700 cesarii
1581 3629 1732 3702 monaehi
1761 3639 1894 3728 rogetus
1917 3607 1943 3707 ιΙ
1959 3636 2177 3731 suprascripto

770 3753 824 3825 leo
846 3753 1024 3850 presbitero
1049 3755 1136 3826 testis
1160 3755 1335 3850 subscripsi
1358 3753 1390 3849 †
1508 3835 1517 3852 .

861 3875 893 3969 †
915 3877 988 3968 ugo
1011 3884 1122 3969 petrus
1145 3877 1230 3948 filius
1253 3867 1376 3950 domini
1398 3877 1545 3973 stephani
1568 3880 1699 3954 curialis
1720 3891 1853 3980 rogatus
1868 3907 1887 3956 a
1904 3885 2070 3958 nominato
2085 3885 2178 3960 leons

688 4093 691 4101 y
768 4000 947 4096 presbitero
970 4001 1043 4070 testi
1065 4000 1238 4094 subscripsi
1260 4001 1291 4094 †

866 4123 897 4219 †
919 4145 982 4219 ego
1016 4124 1159 4196 marinus
1181 4125 1267 4196 fitius
1289 4125 1413 4197 domini
1434 4125 1584 4200 iohannis
1607 4130 1757 4206 monaehi
1779 4143 1912 4231 rogatus
1927 4161 1947 4208 a
1962 4136 2177 4232 suprascripto

769 4252 864 4326 leone
886 4249 1062 4344 presbitero
1084 4251 1156 4324 testi
1179 4251 1353 4347 subscripsi
1377 4249 1408 4345 †

865 4375 896 4472 †
924 4379 996 4470 Ego
1018 4387 1128 4472 petrus
1151 4381 1287 4458 Curitiis
1309 4383 1477 4478 Compleri
1499 4391 1532 4456 et
1555 4383 1678 4460 rbsolri
1694 4385 1747 4460 die
1770 4395 1803 4460 ot
1820 4385 1995 4460 indictione
2017 4386 2179 4460 nominata

773 4505 1008 4602 onerem·
1030 4507 1061 4601 †

1043 4765 1053 4808 p
1348 4733 1593 4779 *mt-
