4876 6532
1378 636 1525 736 (oe)

742 831 812 876 mee
837 825 942 898 neque
966 828 984 873 u
1008 799 1088 870 meis
1111 795 1284 869 heredibus
1306 795 1396 868 nulio
1421 806 1567 891 tempore
1590 805 1767 891 numquam
1794 816 1852 867 uos
1876 807 2073 872 memoratus
2097 803 2162 874 do·

741 935 831 1002 mino
864 927 971 1023 sergio
1006 923 1181 997 venerabili
1209 925 1363 1018 igumeno
1396 932 1453 996 cut
1475 923 1610 1018 posteris
1638 922 1753 994 vestris
1776 946 1836 996 nec
1859 937 2057 1000 memoratus
2085 953 2167 1004 scn-

744 1074 815 1134 ctus
839 1070 872 1131 ct
894 1055 1086 1130 venerabilis
1110 1055 1217 1128 hester
1240 1027 1452 1126 monasterius
1475 1054 1564 1147 quod
1587 1051 1669 1122 nhsit
1693 1051 1835 1123 habeatis
1859 1054 1976 1126 exinde
1992 1056 2167 1150 aliquando

743 1207 950 1282 quacumque
973 1182 1183 1277 requisitione
1207 1189 1263 1254 out
1287 1180 1432 1252 molestie
1456 1195 1514 1273 per
1537 1179 1663 1252 nullum
1686 1179 1822 1251 modum
1845 1197 1904 1252 noc
1928 1199 1988 1274 per
2009 1187 2166 1258 nummic-

745 1315 788 1382 eis
813 1309 957 1404 personis
981 1305 1022 1377 hu
1046 1327 1133 1376 nunc
1156 1315 1188 1376 et
1213 1303 1430 1397 imperpetuie
1453 1301 1661 1396 temporibus.
1686 1303 1771 1387 Quin
1784 1305 1830 1376 ita
1847 1305 1940 1376 notis
1962 1310 2165 1402 complacui:

747 1441 780 1508 Si
798 1451 906 1510 autem
930 1457 988 1508 nos
1012 1445 1068 1503 unt
1082 1431 1215 1502 heredes
1231 1429 1347 1498 nostris
1364 1428 1481 1522 quotis
1498 1439 1644 1523 tempore
1669 1439 1780 1502 oontru
1814 1433 1896 1504 henc
1915 1431 2058 1506 chuntilo
2083 1457 2169 1529 pro·-

748 1566 909 1656 miesipnis
933 1557 1183 1649 offertionisquc.
1203 1566 1240 1624 ut
1254 1569 1352 1647 super
1375 1553 1495 1648 iegitur
1517 1559 1629 1630 venire
1652 1561 1919 1653 presumserimns
1934 1571 1967 1634 et
1989 1564 2021 1632 in
2044 1564 2169 1658 adquid

748 1673 867 1758 odensi
886 1679 1043 1753 morinus
1066 1701 1124 1773 per
1148 1679 1265 1774 quovis
1299 1681 1433 1753 modum
1458 1690 1514 1752 cut
1537 1683 1715 1754 summissis
1747 1681 1903 1778 pernimis.
1927 1693 2005 1754 tunc
2028 1705 2168 1778 neapo·

749 1819 855 1884 nimus
880 1807 971 1880 vobis
986 1809 1194 1903 posterisque.
1217 1809 1332 1880 vestris
1355 1816 1603 1906 memoratoque
1626 1817 1866 1882 cunctorem
1881 1811 2077 1884 monasterio
2098 1813 2170 1884 nuri

748 1939 866 2006 solidos
890 1934 1020 2028 triginta
1044 1949 1101 2004 sex
1124 1931 1340 2026 bythinntcns.
1366 1944 1399 2006 et
1423 1933 1482 2006 hec
1505 1935 1650 2008 chartula
1681 1931 1819 2031 qualiter
1842 1938 1992 2008 continet
2007 1938 2048 2008 sit
2073 1937 2165 2010 firm·

747 2069 984 2158 imperpetuum
1016 2060 1133 2153 scripta
1156 2080 1214 2154 per
1238 2077 1352 2133 munus
1379 2061 1527 2135 iohannis
1558 2063 1688 2134 curialis
1709 2081 1770 2157 por
1793 2065 1967 2136 indictione
1988 2079 2164 2136 memoratu

748 2190 860 2280 quinta
884 2185 914 2277 †

789 2331 799 2340 ·
845 2316 916 2386 Hoc
934 2316 1062 2408 signnm
1086 2313 1118 2408 †
1140 2333 1255 2388 munus
1276 2318 1448 2388 memorati
1470 2319 1554 2412 petri
1577 2316 1726 2388 monachi
1750 2337 1825 2389 cum
1850 2317 2013 2388 voluntate
2037 2332 2167 2390 memo—

750 2453 818 2510 rate
845 2442 999 2533 eupraxie
1024 2447 1158 2533 cognate
1181 2461 1238 2512 sue
1262 2442 1351 2534 qnod
1375 2461 1437 2536 ego
1460 2439 1519 2534 qni
1542 2447 1736 2513 memoratos
1760 2439 1801 2508 uh
1823 2439 1870 2509 eis
1894 2449 2026 2532 rogatus
2043 2458 2104 2533 pro
2124 2440 2170 2510 ein

751 2567 922 2660 subscripsi
947 2563 978 2658 †
1788 2593 1790 2598 ¹

843 2688 872 2781 †
897 2699 986 2762 nro
1009 2695 1216 2764 cnnmonc
1239 2697 1415 2760 ommno
1438 2662 1499 2766 ΕΝ
1522 2699 1725 2766 rnnrorn
1758 2698 1984 2764 neronom
2008 2700 2036 2762 n
2066 2667 2172 2760 offro

749 2821 826 2882 ero
849 2819 906 2887 nr
929 2823 1109 2888 nunonn
1132 2823 1279 2889 rueme
1304 2797 1416 2890 co‘nn
1439 2815 1470 2910 †
2149 2795 2151 2801 ’

848 2941 878 3034 †
901 2963 964 3034 ego
987 2951 1098 3036 petrus
1120 2943 1258 3038 scriptor
1282 2951 1415 3038 rogatus
1439 2970 1456 3015 n
1482 2953 1661 3018 memorato
1684 2943 1753 3014 thio
1777 2951 1809 3014 et
1832 2952 1965 3036 nepotes
1987 2944 2063 3014 testi
2086 2945 2170 3013 rutr-

754 3069 866 3162 scripsi
890 3067 922 3160 †
1453 3166 1456 3172 Ι

850 3193 882 3289 †
905 3215 966 3290 ego
989 3203 1098 3288 penus
1122 3195 1208 3268 fitius
1231 3196 1354 3268 domini
1379 3194 1525 3268 iohannis
1548 3201 1680 3288 cognitus
1704 3219 1723 3264 a
1746 3197 1963 3289 suprascripto
1979 3196 2048 3267 unio
2065 3207 2098 3268 et
2113 3217 2171 3268 nc-

755 3327 830 3412 pote
855 3319 928 3390 testi
952 3320 1124 3415 subscripsi
1147 3317 1179 3414 †
1735 3335 1738 3342 ’
1916 3359 1919 3366 ·

855 3447 886 3539 †
909 3449 979 3543 Ego
1002 3447 1156 3524 iohannes
1172 3447 1308 3523 Curiulis
1331 3447 1497 3542 Complevi
1521 3454 1553 3520 et
1567 3441 1690 3519 emetri
1713 3465 1772 3540 per
1795 3446 1969 3520 indictione
1994 3457 2171 3518 memoratu

758 3581 868 3674 quinto
892 3579 923 3673 †
