4954 6532
930 599 1055 699 (Η)

949 891 1035 968 cn.

369 1152 400 1246 †
423 1154 460 1228 ln
483 1151 613 1224 nomine
637 1150 764 1224 domini
780 1149 994 1222 nonodecimo
1009 1170 1094 1221 anno
1117 1149 1316 1244 principatus
1333 1149 1456 1221 domini
1470 1153 1575 1227 nostri
1590 1153 1705 1251 Gisolpt
1774 1166 1825 1216 ³¹1·

272 1281 401 1374 plorimi
418 1281 577 1374 principis
601 1302 702 1350 meroe
726 1277 896 1352 december
931 1276 1055 1350 decima
1087 1275 1261 1350 indictione
1296 1275 1438 1372 ideoque
1463 1301 1515 1350 me
1550 1279 1704 1375 ianipor-
1751 1281 1837 1344 951·

273 1417 340 1478 tus.
356 1459 364 1475 .
379 1456 412 1478 ..
434 1429 532 1480 rano.
563 1407 642 1477 dum
666 1405 769 1476 balida
794 1404 962 1477 infirmitas
977 1428 1030 1475 me
1037 1451 1260 1474 .........
1268 1403 1414 1476 erutum
1439 1405 1538 1476 vitem
1554 1409 1703 1482 transire.

275 1533 317 1606 Et
342 1535 484 1606 timendo
507 1533 628 1605 indicia
653 1533 704 1604 dei
728 1533 840 1605 volens
877 1532 1017 1603 animam
1039 1555 1139 1605 meum
1162 1533 1202 1604 dc
1225 1531 1352 1604 inferno
1376 1532 1527 1605 liberare.
1557 1533 1703 1608 uanilo-
1826 1529 1832 1542 ’

273 1667 359 1730 stum
382 1658 466 1730 laeio
503 1658 664 1751 meipsum
687 1658 723 1725 in
741 1657 901 1749 precatio
925 1657 965 1727 de
989 1657 1061 1752 ipso
1084 1657 1172 1727 clero
1203 1657 1306 1733 sancti
1343 1655 1427 1752 petri
1450 1657 1511 1756 qui
1545 1659 1701 1732 fundatus

273 1808 342 1858 asse
371 1785 500 1857 viderur
529 1786 563 1856 n
586 1785 660 1855 1000
693 1783 820 1857 areana
853 1763 953 1881 quan
976 1795 1009 1858 e
1032 1795 1106 1857 ane
1136 1785 1206 1858 nte
1238 1789 1333 1858 vonis
1363 1787 1562 1860 nominibus.
1592 1787 1698 1864 arere

271 1935 346 1984 unu
378 1923 465 1982 terra
496 1934 573 2002 erga
601 1921 763 1982 materno.
794 1921 828 1983 et
850 1914 1021 2006 proprium
1053 1913 1200 1984 nominat
1229 1915 1269 1986 ad
1292 1914 1413 1985 tabula.
1439 1937 1504 2008 quc
1535 1913 1597 1983 fnit
1630 1926 1703 1988 ante

270 2057 311 2108 os
351 2061 429 2109 eoos
465 2039 506 2110 de
538 2038 733 2108 monasterio
765 2041 865 2110 sancti
899 2041 1070 2113 sebastiani
1102 2043 1160 2137 qni
1191 2042 1324 2112 lundata
1356 2062 1425 2112 esse
1455 2039 1585 2112 videtur
1618 2040 1705 2112 intus

274 2163 405 2236 cibitate
440 2162 586 2255 neapoli.
616 2161 735 2233 Hunde
767 2163 833 2263 iam
857 2166 896 2237 de
926 2167 1070 2259 predicta
1103 2176 1189 2236 terra
1223 2165 1420 2236 causationes
1457 2163 1542 2236 inter
1577 2189 1637 2237 nos
1672 2175 1705 2237 et

272 2311 348 2384 pars
371 2309 484 2360 eorum
508 2286 670 2358 abuimus.
694 2298 728 2361 et
750 2291 868 2363 exinde
892 2290 1063 2362 debuimus
1087 2313 1161 2382 pars
1176 2313 1249 2360 mea
1265 2291 1423 2381 ianiperto
1444 2289 1571 2360 notario
1588 2313 1704 2362 eorum

276 2420 383 2490 iurare
406 2425 439 2486 at
462 2415 514 2487 dci
537 2415 702 2509 evangelia
727 2418 904 2486 secundnm
938 2416 1045 2508 legem
1068 2414 1235 2507 quomodo
1268 2415 1352 2486 inter
1379 2415 1473 2488 nobis
1505 2418 1699 2489 iudicatum.

275 2545 345 2638 lpse
368 2541 434 2612 iam
456 2539 598 2634 predicta
626 2548 713 2610 terre
736 2537 868 2608 coheret
903 2537 977 2607 linis
1001 2537 1041 2606 ab
1064 2557 1131 2606 uno
1165 2535 1264 2610 latere
1289 2548 1322 2609 et
1345 2539 1387 2611 de
1410 2563 1477 2612 uno
1511 2539 1613 2634 capite
1637 2541 1702 2612 line

275 2671 359 2741 ribo.
379 2671 419 2741 de
443 2667 506 2740 alio
528 2667 628 2738 latere
646 2666 710 2737 bne
734 2665 775 2737 de
797 2673 961 2736 materno.
983 2673 1016 2735 et
1038 2665 1078 2736 de
1102 2663 1166 2736 alio
1189 2665 1294 2759 capite
1317 2666 1381 2738 bne
1404 2669 1444 2738 de
1460 2667 1647 2739 bominibus
1665 2667 1704 2740 de

274 2799 424 2870 casciano
446 2795 507 2870 bec
529 2796 692 2866 nominata
715 2793 928 2889 superscripta
952 2801 1038 2866 terra
1061 2794 1228 2887 quomodo
1251 2818 1309 2887 per
1333 2795 1406 2865 finis
1439 2796 1580 2888 predicte
1599 2805 1697 2866 sunt.

273 2926 481 2999 Manifestum
504 2947 557 2995 mc
579 2923 662 2994 laeio
690 2923 767 3018 quia
790 2945 857 2993 non
891 2929 1082 3016 receperunt
1105 2945 1124 2990 a
1146 2945 1200 2994 me
1223 2922 1293 3014 ipsa
1323 2932 1538 2994 sacramenta.
1567 2923 1611 2992 Et
1634 2945 1702 3016 po-

275 3065 409 3131 suerunt
431 3055 549 3127 exinde
572 3055 653 3126 mibi
677 3053 857 3126 chartulam
880 3051 1058 3126 securitatis
1082 3049 1170 3122 bnna
1194 3073 1270 3122 cum
1294 3050 1357 3122 alie
1381 3051 1475 3124 terris
1504 3061 1612 3122 nostre
1637 3047 1703 3145 que

275 3185 336 3258 beo
357 3183 488 3256 nomina
511 3205 578 3254 non
601 3191 687 3256 sunt.
713 3183 812 3254 blodo
836 3203 950 3251 veroa
967 3179 1019 3252 die
1041 3179 1197 3273 pinsentis
1221 3179 1410 3250 retdidimus
1435 3179 1504 3272 ipsa
1528 3179 1597 3248 iam
1620 3200 1705 3272 pre-

277 3307 361 3382 dicta
383 3319 468 3380 terra
491 3309 526 3379 in
549 3308 618 3402 ipsa
641 3305 797 3400 prephato
820 3304 874 3376 dei
897 3301 1030 3376 ecclesia
1054 3299 1155 3371 sancti
1170 3297 1350 3369 sebastiani.
1369 3299 1536 3392 quomodo
1555 3321 1615 3391 per
1630 3299 1704 3369 linis

273 3456 369 3528 supra
391 3434 567 3507 indicatum
590 3440 647 3506 est.
673 3432 745 3502 Una
768 3451 845 3532 curu
869 3426 1029 3500 modelsrit
1053 3423 1165 3520 nepoti
1195 3443 1270 3494 mco
1294 3419 1528 3492 consentientes
1551 3415 1646 3490 mibi.
1673 3429 1706 3490 et
1736 3436 1740 3444 ·

277 3557 389 3654 ibique
412 3567 486 3628 ante
509 3555 725 3650 superscripto
754 3551 845 3624 clero
876 3550 935 3646 qui
963 3549 1074 3620 subter
1107 3545 1218 3642 scripti
1253 3553 1330 3615 sunt
1356 3563 1457 3636 quem
1480 3549 1514 3610 et
1537 3547 1611 3609 ante
1634 3538 1706 3612 eliis

275 3686 370 3760 vonis
392 3685 579 3758 hominibus
601 3684 709 3754 uniter
743 3681 849 3775 adque
883 3677 1101 3748 communiter
1135 3673 1324 3765 rogabimus
1359 3668 1439 3762 lopo
1470 3665 1649 3762 presbitero
1673 3675 1707 3738 et

277 3810 408 3885 notario
430 3809 491 3880 ista
513 3816 623 3878 nostra
646 3801 768 3874 cartula
791 3798 973 3872 rctditionis
995 3789 1271 3891 perscribendum.
1297 3791 1338 3862 In
1361 3814 1401 3862 eo
1424 3812 1565 3886 namque
1594 3790 1702 3864 tinore

276 3946 315 4010 ut
348 3934 418 4028 ipsa
449 3930 516 4002 iam
549 3927 731 4023 supradicta
766 3936 854 3996 terra
889 3943 1013 4018 quomo
1047 3941 1106 4013 per
1141 3917 1213 3990 linis
1243 3914 1423 4010 supradicte
1447 3925 1522 3988 sunt
1545 3923 1706 4010 quantum

277 4059 385 4154 portio
407 4067 515 4130 nostra
538 4053 636 4126 luerit
659 4060 696 4123 ut
719 4050 760 4120 ab
784 4045 956 4120 odiernum
987 4043 1039 4116 dio
1072 4063 1148 4114 cum
1171 4041 1317 4116 imferius
1340 4051 1374 4116 et
1396 4042 1546 4136 superius
1570 4050 1603 4112 et
1628 4061 1705 4112 cum

278 4184 428 4259 omnibus
450 4183 520 4257 eius
542 4177 775 4276 pertinentibus
804 4174 840 4245 in
862 4171 1021 4270 prephato
1048 4169 1100 4242 dei
1124 4171 1320 4240 monasterio
1343 4169 1446 4241 morti
1468 4169 1639 4241 sebastiani
1662 4169 1706 4242 sit

229 4277 238 4294 .
277 4325 467 4410 potestatem
490 4309 600 4410 omnia
621 4307 806 4380 laciendum
828 4301 1059 4398 quodcumque
1083 4297 1227 4371 volueris
1250 4297 1319 4372 sino
1343 4297 1571 4368 contrarietate
1594 4305 1704 4368 nostre

280 4444 333 4518 rel
356 4445 395 4516 de
418 4440 536 4514 nostris
566 4435 748 4509 heredibus.
777 4429 898 4502 Hundc
928 4427 1110 4522 obligamus
1141 4449 1202 4497 nos
1230 4425 1290 4520 qui
1319 4447 1417 4518 supra
1441 4424 1599 4496 nominati
1622 4424 1706 4496 idest

282 4571 458 4664 iunipertns
486 4564 631 4637 notamus
661 4570 695 4634 ct
726 4555 889 4630 madellrit
924 4553 999 4624 tiliis
1026 4552 1184 4624 ianemari
1207 4573 1309 4645 quam
1332 4560 1365 4623 et
1388 4551 1507 4622 nostris
1529 4551 1704 4624 heredibus

282 4705 320 4766 ut
353 4695 621 4788 siquacnmque
654 4695 801 4778 tempore
831 4688 997 4750 retornare
1031 4675 1085 4784 vel
1118 4673 1287 4746 remobens
1316 4675 1529 4770 quesierimus
1551 4677 1622 4748 sibe
1645 4699 1705 4772 per

282 4817 497 4915 superscripta
529 4813 652 4886 cartula
690 4807 870 4883 securitatis
905 4801 978 4876 sibe
1015 4825 1076 4896 per
1112 4801 1350 4898 qualecumque
1372 4803 1543 4878 adinbenta
1579 4805 1704 4880 rationo

285 4943 399 5039 primis
421 4941 569 5013 omniurn
591 4937 721 5032 questio
745 4943 778 5006 et
800 4929 945 5004 coemtio
968 4934 1078 4998 nostra
1101 4924 1143 4998 sit
1158 4925 1262 4998 menis
1277 4936 1311 4999 et
1326 4949 1429 4998 vacua
1453 4927 1585 5024 insuper
1600 4951 1705 5024 spon-
