4900 6528
894 651 1044 748 (24⁷)

261 815 329 890 tulu
352 808 600 907 comparationis
623 829 688 904 que
712 807 830 880 exindo
852 809 1025 902 atpraeusit
1044 821 1241 885 memoratus
1264 815 1391 909 genitor
1421 837 1512 892 meus
1539 825 1579 896 da
1604 848 1682 900 rna-

260 946 335 1018 rino
359 941 491 1016 aurifice
514 937 583 1011 filio
606 935 771 1032 quondum
794 933 943 1007 iohannis
965 935 1102 1008 aurifici.
1127 947 1161 1010 et
1176 940 1239 1011 ulia
1255 942 1401 1016 chartula
1424 950 1595 1025 securitate
1614 979 1680 1050 que

260 1075 458 1144 memoratus
473 1061 601 1157 genitor
616 1081 708 1133 meus
724 1057 895 1154 etpreeusit
911 1057 952 1129 da
967 1061 1089 1132 cuano
1106 1061 1284 1155 presbitero
1300 1075 1333 1137 et
1346 1069 1553 1160 cymiliarcha
1570 1091 1679 1153 sancte

258 1193 457 1290 neapolitana
480 1187 614 1261 eoeissie
628 1197 661 1256 et
676 1209 695 1253 a
710 1195 807 1254 cunta
831 1187 1079 1277 congregatione
1103 1187 1247 1260 chartule
1270 1191 1402 1264 ecclesie
1425 1197 1590 1290 stephanis
1613 1217 1683 1278 eta

258 1316 509 1416 congregatione
531 1309 678 1383 chartule
701 1321 810 1382 sancta
832 1310 921 1406 pauli
944 1321 977 1383 et
1000 1311 1046 1382 sic
1069 1314 1163 1385 vobis
1186 1314 1259 1386 illos
1284 1329 1499 1398 antesteumsr
1536 1330 1613 1422 quia
1638 1335 1682 1404 sic

257 1445 351 1522 nohis
382 1440 544 1514 conubcuit
576 1442 606 1513 si
637 1448 747 1512 cutam
781 1436 875 1512 aliter
905 1437 1077 1511 isoadmus
1100 1439 1141 1510 de
1164 1437 1216 1509 his
1240 1443 1391 1516 omuibus
1413 1456 1602 1527 memoratis
1625 1480 1683 1551 per
1831 1477 1833 1482 ·
1944 1435 1948 1440 “

257 1571 374 1672 quabis
396 1571 532 1644 modum
557 1577 613 1640 aut
635 1565 815 1640 summissis
837 1566 983 1662 personis
1005 1575 1083 1638 tunc
1106 1589 1267 1664 compono
1285 1590 1347 1665 ego
1363 1581 1396 1643 et
1412 1571 1586 1653 heredibus
1601 1587 1682 1659 meis

257 1699 353 1774 robis.
373 1698 551 1792 saumae
578 1693 750 1767 heredibus
774 1692 847 1766 suri
872 1691 991 1766 solidos
1014 1693 1188 1768 duodecim
1211 1694 1415 1792 bythicnteos
1438 1719 1472 1775 at
1495 1703 1556 1778 hac
1580 1707 1680 1780 char-

257 1827 325 1900 tsdc
348 1823 541 1899 venditionis
565 1831 603 1894 ut
626 1842 723 1917 super
745 1819 865 1916 legitur
887 1821 930 1891 sit
952 1819 1071 1896 firma:
1096 1819 1214 1916 scripta
1238 1843 1297 1916 per
1319 1845 1433 1901 manus
1456 1829 1606 1905 iohannis
1623 1847 1679 1907 ta..

255 1952 373 2028 helerii
395 1972 454 2048 per
477 1958 654 2025 memoratu
683 1949 797 2047 phura
825 1945 1000 2023 indictione
1023 1943 1055 2041 †
1076 1945 1140 2020 hoc
1163 1946 1293 2042 siguum
1316 1949 1348 2046 †
1371 1971 1486 2026 manus
1510 1965 1680 2033 memorari

253 2081 439 2176 patricum
463 2095 653 2152 muaeusurn
676 2083 854 2148 menoare
878 2071 1033 2171 genitrice
1056 2079 1090 2144 et
1112 2071 1253 2168 coniuge
1276 2095 1334 2147 sua
1351 2079 1441 2171 quod
1458 2101 1520 2174 ego
1535 2086 1592 2176 qui
1610 2109 1679 2158 mc·

253 2217 398 2282 moratos
422 2229 482 2302 pro
503 2206 556 2279 eis‘
576 2204 750 2298 subscripsi
774 2214 807 2276 et
829 2201 1001 2277 memorati
1025 2202 1087 2273 tari
1109 2200 1247 2274 truditur
1270 2202 1339 2276 vidi
1363 2205 1394 2300 †

316 2387 317 2390 a
348 2329 381 2423 †
404 2351 466 2422 ego
490 2330 660 2423 gregorius
683 2328 769 2398 titius
793 2327 918 2400 domiui
934 2327 1081 2422 staphus
1097 2335 1229 2420 rogatus
1245 2353 1264 2400 a
1280 2333 1510 2426 suprascriptas
1528 2357 1680 2430 personas

251 2455 327 2531 testi
350 2453 524 2549 subsuipsi
547 2463 580 2524 et
603 2451 813 2546 suprascripti
836 2451 898 2520 tari
922 2451 1056 2524 bachius
1077 2451 1193 2554 hidi†

349 2581 381 2677 †
405 2603 466 2674 ego
490 2579 667 2654 theudorus
699 2576 786 2649 filius
818 2575 942 2647 domini
976 2575 1046 2648 ursi
1076 2583 1209 2670 rogabis
1232 2604 1251 2652 a
1274 2582 1501 2677 suprascriptas
1525 2607 1677 2680 personas

251 2705 329 2778 testi
352 2701 526 2797 subscripsi
550 2711 584 2774 et
606 2701 813 2796 suprascripti
838 2699 899 2774 turi
923 2697 1057 2774 traditos
1080 2699 1148 2776 bidi
1171 2700 1202 2796 †
1762 2701 1765 2708 '

349 2831 468 2930 †sgo
491 2830 616 2926 sergius
638 2828 724 2902 fliius
748 2827 872 2902 domiui
905 2827 1055 2902 iohannis
1086 2831 1235 2904 monachi
1263 2843 1395 2930 rogetus
1421 2861 1440 2906 a
1464 2840 1677 2930 suprascripta

250 2981 408 3058 personas
429 2959 505 3032 tasti
528 2957 700 3053 subscripsi
724 2966 757 3030 et
780 2957 988 3052 suprascripti
1011 2957 1074 3030 tari
1097 2959 1230 3034 traditos
1252 2961 1369 3057 hidi†

350 3089 476 3188 pugo
509 3085 663 3160 iohannes
691 3085 867 3159 tabularius
889 3083 1058 3180 Gonpicri
1081 3095 1115 3160 et
1137 3085 1260 3162 absolsi
1282 3110 1341 3183 per
1364 3097 1542 3163 naemoruta
1565 3087 1678 3184 quintu

249 3217 429 3293 indictione
452 3215 484 3312 †
995 3235 997 3242 ⁴
