4854 6528
903 660 915 756 t
942 669 1008 730 :re
1032 633 1062 760 )'

894 945 1052 1021 CXXXV.

862 1207 986 1282 Christo
1009 1207 1091 1280 tare

362 1437 460 1566 (ιη’
475 1465 607 1540 mmm
628 1462 753 1538 annm
775 1463 830 1540 aa
852 1462 1021 1538 ravanus
1043 1463 1146 1536 noea
1160 1461 1257 1534 neu
1278 1461 1410 1536 ems.
1427 1461 1607 1557 rueme
1629 1464 1690 1538 ae
1752 1507 1810 1556 m,

268 1595 359 1668 mino
389 1601 501 1667 nostro
523 1591 642 1666 basilio
663 1614 781 1687 magno
812 1593 1009 1689 Imperatore
1041 1613 1127 1664 anno
1158 1590 1294 1666 decimo.
1317 1591 1374 1664 sed
1398 1598 1431 1664 et
1453 1591 1635 1686 m'eipborio
1658 1603 1692 1670 et
1738 1618 1824 1684 970,

269 1720 468 1792 oonstautino
489 1718 615 1814 magnis
636 1717 884 1814 imperatoribus
916 1740 1001 1792 enno
1031 1718 1168 1812 septimo
1190 1718 1244 1792 die
1274 1716 1486 1791 sextadecima
1505 1720 1623 1791 mensis
1635 1720 1691 1792 ia-

269 1845 377 1918 nunrii
399 1844 572 1918 indictione
594 1845 812 1918 tertiadecima
834 1845 985 1940 neapoli:
1012 1843 1145 1918 Certum
1168 1851 1217 1916 est
1238 1863 1292 1914 me
1306 1843 1449 1937 sergium
1463 1843 1568 1916 tilium
1584 1867 1692 1938 quon

271 1973 346 2049 dam
369 1973 496 2048 domini
515 1973 674 2048 iohannis.
698 1975 729 2048 A
751 1973 892 2070 presenti
915 1974 968 2048 die
990 1972 1205 2069 promtissima
1228 1971 1390 2046 voluntate
1413 1973 1536 2046 botlere
1562 1983 1596 2046 et
1618 1973 1693 2046 bot-

271 2099 342 2172 iero
364 2107 462 2198 atque
484 2101 577 2172 trado
599 2099 658 2172 tibi
673 2100 807 2172 domino
821 2099 976 2196 stephano
990 2099 1167 2172 venerabili
1180 2096 1286 2170 abbati
1301 2099 1487 2172 monasterii
1509 2109 1695 2172 sauctorum

272 2226 412 2298 severini
435 2235 470 2300 et
492 2228 573 2300 sossi
598 2225 680 2300 bubi
711 2247 826 2300 eorum
853 2226 1048 2302 venerabilia
1080 2229 1250 2324 quiescunt
1284 2247 1429 2322 corpora.
1452 2237 1485 2299 et
1515 2247 1573 2320 per
1603 2233 1636 2296 te
1660 2224 1695 2294 in

272 2357 453 2454 memorato
476 2357 587 2421 saneto
609 2358 643 2420 et
665 2351 840 2424 venerabili
863 2361 972 2424 vestro
1001 2353 1207 2428 monasterio:
1231 2353 1323 2424 lDest
1345 2352 1470 2424 inclitas
1492 2351 1573 2424 dum
1594 2351 1696 2445 petias

274 2493 362 2547 meas
388 2474 539 2546 deterre
563 2471 682 2568 positas
704 2475 741 2546 in
761 2474 836 2544 loeo
859 2476 919 2568 qui
940 2485 1076 2548 vocatur
1103 2499 1297 2570 easepugana
1319 2477 1355 2548 in
1385 2475 1464 2550 toris
1493 2476 1599 2570 gripta
1622 2496 1699 2546 eum

278 2599 448 2672 erroribus
474 2598 650 2674 lruetiteus
672 2599 726 2672 vel
756 2599 965 2672 inbuetiteris
986 2607 1020 2671 et
1042 2621 1118 2672 eum
1145 2601 1292 2672 introitus
1318 2623 1391 2674 suas
1421 2610 1455 2674 et
1477 2601 1627 2674 omnibus
1649 2601 1700 2676 eis

274 2725 518 2820 pertinentibus.
544 2735 578 2798 et
599 2725 731 2800 coheret
753 2726 795 2798 ab
817 2749 882 2798 une
904 2749 947 2800 ex
969 2726 1038 2821 ipse
1061 2727 1146 2822 petie
1170 2753 1189 2798 a
1211 2729 1336 2800 duabus
1357 2729 1508 2800 lateribus
1523 2737 1608 2800 terra
1622 2750 1699 2800 me-

277 2849 395 2920 morati
418 2848 468 2920 tui
491 2850 702 2922 monasterii:
729 2858 762 2922 et
784 2852 824 2926 de
847 2873 915 2924 uno
947 2851 1051 2945 capite
1078 2859 1165 2924 terra
1195 2857 1365 2925 memorati
1387 2855 1437 2926 tui
1459 2851 1701 2924 monastertio:

276 2982 364 3046 terra
387 2974 474 3046 leoni
491 2976 619 3069 cognati
641 2977 724 3050 mei:
743 2985 777 3048 et
798 2987 1007 3052 ememorata
1030 2977 1092 3051 alia
1115 2979 1201 3073 petia
1215 2979 1345 3052 nuberet
1368 2981 1408 3052 de
1422 3003 1490 3050 uno
1503 2981 1602 3050 latere
1617 2986 1702 3050 terra

279 3101 453 3173 memorati
476 3104 578 3176 vestri
599 3104 785 3178 monasterii
808 3108 903 3179 etde
926 3107 991 3179 elio
1012 3106 1112 3180 latere
1134 3115 1220 3178 terra
1242 3109 1283 3182 de
1306 3107 1353 3180 illi
1376 3106 1538 3178 anrimini.
1561 3115 1595 3178 et
1617 3113 1703 3177 terra

281 3227 415 3300 iohanni
437 3228 506 3300 tilio
530 3229 655 3302 domini
677 3231 777 3326 sergii
797 3231 965 3307 monacha.
987 3241 1022 3304 et
1044 3233 1086 3303 de
1107 3255 1174 3302 uno
1196 3231 1299 3324 capite
1322 3241 1408 3304 terra
1423 3232 1594 3308 memorab
1616 3231 1705 3302 leoni

279 3357 387 3450 togati
421 3357 496 3428 mei.
523 3365 556 3430 et
578 3381 621 3430 ex
644 3358 710 3430 alio
740 3359 844 3454 capite
866 3359 921 3432 uia
951 3357 1079 3453 publiea
1102 3366 1135 3428 et
1158 3381 1201 3428 ex
1231 3357 1295 3428 alio
1326 3359 1430 3450 eapite
1461 3360 1502 3428 de
1529 3365 1706 3428 memorata

281 3481 386 3576 prima
410 3481 497 3577 petia
520 3482 640 3555 iterum
663 3491 711 3556 est
733 3491 911 3554 memorata
934 3483 989 3556 via
1012 3480 1161 3576 publica:
1181 3481 1274 3552 Unde
1297 3480 1379 3553 nihil
1399 3481 1482 3552 mibi
1501 3479 1617 3554 exinde
1640 3479 1707 3550 ali-
1829 3496 1833 3506 ‘

283 3619 365 3704 quot
387 3609 541 3682 remansit
562 3617 619 3682 aut
632 3606 795 3680 resorberi
809 3632 869 3680 nee
882 3608 918 3679 in
933 3608 1035 3680 aliena
1049 3607 1207 3703 cuiusque
1222 3627 1357 3700 persona
1383 3603 1472 3700 quod
1497 3601 1579 3675 absit
1592 3603 1707 3679 eomisi

283 3743 342 3807 aut
363 3737 431 3808 iam
453 3736 593 3806 comicto
615 3746 800 3830 potestate:
826 3745 875 3808 set
897 3735 981 3807 sieut
1003 3736 1150 3830 superius
1172 3735 1289 3828 legitur
1304 3736 1339 3806 in
1352 3744 1408 3806 tua
1422 3731 1551 3826 tuisque
1573 3731 1708 3825 posteris

286 3869 320 3934 et
345 3861 387 3932 de
409 3869 590 3934 memorato
611 3867 720 3935 uestro
743 3862 939 3936 monasterio
960 3863 1025 3934 sint
1046 3869 1202 3957 potestate
1225 3862 1384 3958 quidquid
1399 3859 1516 3932 exinde
1531 3860 1636 3930 tacere
1650 3879 1709 3927 ro·

284 3980 423 4053 lueritis:
449 3987 483 4054 et
506 4001 614 4076 neque
637 4003 656 4050 a
679 4004 733 4052 me
766 3989 948 4054 memorato
981 3981 1088 4076 sergio
1122 4005 1229 4076 neque
1253 4007 1272 4052 a
1294 3981 1374 4052 meis
1407 3976 1579 4052 heredibus
1607 3997 1710 4048 neca

286 4108 382 4182 nobis
416 4107 563 4204 personis
595 4107 772 4180 summissis
799 4108 891 4180 nullo
920 4117 1066 4202 tempore
1100 4132 1280 4206 numquam
1304 4117 1340 4180 :u
1363 4115 1544 4182 memorato
1577 4106 1710 4184 domino

288 4235 443 4332 stephano
465 4235 642 4309 venerabili
665 4234 772 4306 abbati
795 4243 852 4308 aut
874 4237 1011 4329 posteris
1034 4237 1099 4310 tuis
1122 4238 1176 4310 vel
1197 4244 1377 4316 memorato
1399 4241 1509 4306 saneto
1525 4243 1557 4308 et
1570 4255 1710 4306 uenera—
1804 4217 1809 4226 ’

288 4361 347 4434 bili
369 4369 479 4436 vestro
501 4361 696 4436 monasterio
718 4360 862 4434 babeatis
885 4363 1001 4436 exinde
1024 4388 1230 4460 quacumque
1252 4363 1462 4459 requisitione
1485 4369 1542 4432 aut
1563 4362 1711 4438 molestia

290 4513 349 4582 per
372 4489 500 4563 nullum
535 4489 672 4561 modum
700 4509 759 4558 neo
794 4509 854 4578 per
878 4489 1057 4560 summissis
1084 4488 1230 4582 personis
1257 4489 1510 4580 inperpetuum:
1535 4486 1570 4556 Si
1604 4497 1714 4560 eutem

292 4639 355 4710 ego
377 4617 431 4688 vel
452 4616 589 4688 heredes
613 4613 695 4686 meis
717 4613 834 4707 quobie
857 4620 1002 4707 tempore
1034 4623 1147 4684 nonna
1177 4613 1264 4684 bane
1296 4612 1442 4684 chartula
1475 4612 1652 4686 offertionis
1675 4624 1715 4688 ut

293 4767 390 4841 snper
412 4743 533 4838 legitur
566 4741 679 4815 benire
711 4741 979 4836 presumserimus
1001 4748 1036 4812 et
1057 4741 1191 4814 minime
1224 4740 1484 4838 atinpleverimus
1515 4739 1577 4812 bee
1603 4741 1714 4814 omnia

293 4879 471 4946 memorata
493 4893 553 4966 per
575 4871 722 4970 quolibet
743 4871 878 4942 modum
894 4877 950 4942 aut
964 4869 1140 4943 summissis
1155 4871 1299 4966 personis
1314 4879 1392 4942 tune
1412 4869 1636 4965 ooruponimus
1655 4867 1715 4938 tibi

294 4995 423 5096 tuisque
443 4995 580 5092 posteris
602 5002 636 5068 et
658 4995 693 5072 in
716 5003 895 5082 memorato
917 5003 1028 5068 saneto
1043 5003 1076 5070 et
1098 4995 1274 5071 venerabili
1289 5005 1399 5070 :mtto
1426 4993 1620 5068 monasterio
1643 4991 1715 5064 euri
