4954 6532
766 611 781 632 '
886 610 1031 722 Ι(45)

909 893 1034 966 uxur.

349 1151 381 1248 †
403 1153 441 1222 ln
463 1149 596 1222 nomine
619 1149 743 1222 domini
766 1149 820 1221 dei
842 1147 1010 1221 salvatoris
1032 1147 1134 1218 nostri
1157 1145 1252 1216 lbesu
1275 1142 1394 1214 Christi
1417 1143 1596 1236 lmperante
1618 1147 1674 1217 do·
1751 1169 1804 1218 on.

256 1283 344 1355 mino
354 1288 467 1352 nostro
477 1280 687 1352 Constantino
705 1302 825 1373 magno
841 1279 1036 1372 Imperatore
1052 1299 1136 1346 anno
1152 1273 1399 1371 quadragesimo
1415 1273 1554 1344 bcctabo
1571 1275 1626 1344 sed
1643 1285 1675 1345 et
1726 1279 1813 1340 956.

255 1430 389 1479 romano
410 1429 530 1500 magno
552 1405 745 1500 imperatore
768 1403 837 1475 eius
859 1403 927 1474 filio
951 1425 1035 1473 enno
1056 1401 1228 1473 undecimo
1251 1401 1303 1472 die
1327 1385 1543 1469 sextadecima
1556 1398 1674 1469 mensis

256 1535 364 1629 sprilis
380 1536 555 1608 indictione
572 1533 811 1630 quartadecima
834 1531 982 1625 neapoli:
1000 1531 1131 1602 Certum
1145 1538 1193 1602 est
1208 1553 1261 1600 me
1276 1528 1403 1599 leonem
1418 1527 1486 1598 filio
1509 1529 1674 1622 quondam

253 1660 320 1731 ursi
344 1668 377 1732 et
398 1661 583 1731 nominatur
608 1659 849 1730 amalfitanum:
875 1657 996 1728 iterum
1019 1665 1052 1727 et
1074 1655 1236 1727 habitator
1260 1675 1333 1723 sum
1356 1653 1396 1722 de
1419 1651 1492 1720 loco
1521 1651 1580 1744 qni
1602 1673 1671 1722 ro-

253 1794 346 1858 catur
370 1787 505 1880 palude:
531 1785 562 1854 Α
583 1783 725 1878 presenti
750 1783 801 1854 die
824 1781 1039 1876 promtissima
1067 1781 1254 1853 voluntate:
1278 1778 1432 1872 promitto
1454 1775 1516 1845 tibi
1539 1776 1672 1847 domino

252 1913 409 2006 gregorio
424 1911 600 1984 venerabili
612 1911 790 2004 presbitero
808 1919 901 1983 custo
924 1933 1004 1982 vero
1019 1909 1150 1982 ecclesie
1167 1907 1252 1980 besti
1268 1905 1413 1978 euthimi.
1430 1905 1533 1998 posita
1547 1905 1583 1974 in
1597 1905 1672 1975 uico

251 2038 311 2132 qui
337 2048 471 2108 vocatur
494 2037 543 2108 sol
566 2047 599 2108 et
620 2037 710 2108 luna.
736 2059 797 2131 pro
821 2039 894 2110 uice
917 2038 1081 2109 nominate
1104 2045 1210 2110 vestre
1224 2033 1374 2104 ecclesie:
1392 2040 1525 2126 propter
1548 2030 1673 2103 inclitos

254 2183 368 2233 omnes
396 2171 506 2234 terras.
542 2187 607 2257 que
642 2164 830 2234 nominetur
863 2165 904 2235 ad
939 2165 1073 2259 griptas.
1098 2172 1131 2235 et
1155 2161 1332 2256 adpelletur
1362 2159 1524 2229 cariniana
1554 2159 1615 2229 sito
1638 2157 1673 2232 in

253 2285 416 2356 nominato
438 2285 521 2356 loco.
546 2296 579 2358 et
601 2288 739 2379 pertinet
762 2291 802 2360 de
825 2291 973 2360 fundum.
998 2290 1039 2358 de
1062 2289 1190 2356 turandi
1214 2309 1313 2376 quem
1335 2307 1395 2375 per
1417 2285 1586 2355 securitate
1610 2305 1672 2378 ego

252 2410 325 2483 illut
346 2413 512 2506 appreensi
536 2413 712 2504 equidem
745 2413 903 2504 stephano
926 2412 985 2505 qui
1009 2411 1128 2480 dicitur
1152 2410 1193 2479 de
1215 2409 1354 2480 marina.
1379 2431 1459 2504 ques
1483 2410 1552 2502 ipsa
1574 2433 1673 2482 secu-

254 2538 345 2610 ritate
368 2543 446 2632 aput
467 2559 521 2608 me
543 2535 662 2607 babere
685 2518 862 2605 confiteori
882 2536 927 2606 Ut
950 2557 992 2606 av
1009 2534 1143 2605 odierna
1166 2534 1218 2606 die
1242 2535 1392 2606 omnibus
1417 2536 1589 2608 nominatis
1612 2559 1672 2610 ros

253 2669 285 2735 et
306 2664 441 2758 posteris
464 2663 579 2735 vestris
602 2671 774 2756 sanctaque
797 2671 903 2733 vestre
927 2661 1059 2733 ecclesie
1081 2661 1155 2732 illut
1177 2661 1296 2735 babere
1313 2665 1464 2736 devectis.
1491 2666 1670 2738 medietate

250 2797 282 2860 ct
305 2811 367 2884 ego
383 2787 563 2885 etberedes
585 2787 674 2858 meis.
691 2788 838 2858 similiter
852 2787 971 2859 iterum
987 2788 1167 2860 medietate.
1183 2791 1277 2862 Utin
1290 2792 1358 2862 ullo
1376 2792 1517 2886 capitulo
1533 2795 1664 2867 exinde.

248 2914 290 2986 de
315 2935 375 2985 uos
398 2923 431 2986 et
454 2915 493 2986 de
516 2927 659 3008 posterm
682 2925 806 2986 vestros
828 2914 945 2985 sortior
968 2937 1036 2986 esse
1058 2939 1118 3008 per
1132 2917 1259 2986 nullum
1275 2921 1410 2990 modum
1426 2943 1486 2990 nec
1503 2943 1562 3012 per
1579 2943 1673 2990 sum·

250 3039 354 3110 missis
376 3039 534 3134 personis.
567 3042 687 3112 iterum
718 3041 874 3133 promitto
897 3042 958 3114 tibi
981 3043 1182 3137 posterisque
1210 3046 1326 3116 vestris
1356 3053 1531 3140 sanctaque
1565 3051 1671 3119 vestre

249 3161 380 3234 ecclesie
403 3171 441 3231 ut
463 3165 660 3258 quandoque
693 3165 787 3236 vobis
821 3187 948 3264 necesso
983 3167 1082 3236 luerit
1109 3167 1273 3240 nominato
1305 3170 1451 3242 chartula
1486 3172 1667 3243 securitatis

253 3311 317 3383 quo
332 3290 373 3362 ad
389 3289 513 3360 nomini
536 3313 612 3361 meo
628 3293 793 3385 adpreensi
818 3296 858 3365 de
881 3295 1060 3364 nominatas
1085 3302 1194 3365 terras.
1217 3319 1237 3364 a
1260 3297 1426 3367 nominato
1447 3297 1602 3388 stephano
1627 3297 1666 3368 de

254 3417 387 3488 marina.
411 3427 488 3490 tunc
510 3441 578 3512 ego
597 3429 629 3490 et
652 3419 786 3492 heredes
809 3421 889 3491 meis
912 3403 1195 3516 tibi'posterisque
1218 3421 1352 3494 tuisse
1376 3422 1452 3492 dare
1476 3430 1509 3491 et
1533 3421 1668 3492 demon·

249 3553 349 3616 strare
373 3544 552 3616 caveamus.
571 3545 611 3614 ad
635 3545 853 3638 relegendum.
869 3554 902 3618 ct
924 3547 965 3618 ad
987 3548 1184 3618 causandum
1206 3544 1288 3616 bubi
1303 3545 1395 3618 vobis
1411 3567 1539 3615 necessa
1556 3549 1667 3620 luerit.

247 3670 335 3742 nulla
357 3670 451 3742 robis
474 3672 591 3744 exinde
615 3670 778 3742 mittentes
802 3671 1013 3742 hoccasionc:
1040 3673 1119 3764 quia
1141 3672 1188 3741 sic
1211 3671 1295 3742 inter
1323 3672 1417 3743 nobis
1441 3673 1536 3744 stetit.
1561 3677 1666 3769 adque

250 3796 423 3869 convenit.
449 3803 483 3864 et
506 3795 533 3864 si
549 3794 641 3864 aliter
664 3796 771 3865 lecero
785 3804 818 3866 et
833 3794 965 3866 minime
981 3794 1200 3890 adimplevero
1219 3819 1281 3890 ego
1297 3821 1373 3868 cum
1401 3799 1572 3872 heredibus
1586 3802 1668 3874 meis

250 3926 288 3998 dc
302 3923 354 3994 bis
368 3921 518 3994 omnibus
541 3921 712 3992 nominatis
735 3945 793 4014 per
816 3922 962 4016 quolibet
983 3925 1118 3996 modurn
1141 3933 1197 3994 aut
1219 3926 1396 3998 summissis
1419 3928 1565 4020 personis
1588 3939 1667 4002 tuuc

249 4049 470 4145 componimus
492 4046 552 4117 tibi
577 4045 777 4139 posterisque
800 4047 914 4116 vestris
947 4057 1118 4142 sanctoque
1152 4059 1258 4121 vestre
1294 4051 1425 4123 ecclesie
1450 4053 1522 4124 auri
1545 4055 1667 4128 solidos

248 4174 418 4249 duodecim
440 4169 644 4266 bptbianteos
660 4179 692 4240 et
707 4168 767 4242 bec
790 4167 934 4240 chartule
954 4172 1175 4264 promissionis
1195 4181 1232 4244 ut
1250 4198 1347 4268 super
1366 4177 1485 4269 legitur
1500 4181 1543 4248 sit
1558 4181 1665 4254 firme.

250 4305 356 4390 Quam
379 4299 522 4374 obortula
545 4299 627 4371 sicut
649 4281 794 4392 superius
818 4299 936 4392 legitur
951 4324 970 4372 o
986 4301 1080 4375 nobis
1101 4303 1184 4375 lacta
1206 4303 1302 4379 dauid
1320 4304 1450 4376 curialis
1466 4307 1667 4382 scribendam

250 4429 363 4525 rogavi
386 4449 445 4521 per
467 4426 632 4498 nominata
657 4401 879 4516 indictione†

342 4555 407 4628 boc
429 4554 557 4648 signum
580 4550 611 4646 †
634 4573 747 4621 manus
770 4549 927 4620 nominati
943 4550 1029 4623 leoni
1057 4553 1115 4647 qui
1142 4553 1328 4627 nominatur
1351 4559 1567 4634 amalfitanum
1602 4565 1662 4659 qui

251 4682 359 4756 omnin
374 4680 536 4752 nominate
550 4677 729 4751 voluntarie
745 4701 802 4748 sue
815 4677 884 4746 fieri
900 4679 1013 4769 rogavi
1027 4689 1061 4788 et
1076 4689 1168 4753 testes
1183 4693 1219 4754 ut
1234 4683 1431 4760 subscribere
1442 4693 1557 4784 rogavi
1572 4697 1662 4788 qnod

252 4833 313 4906 ego
336 4807 395 4904 qui
417 4807 598 4879 nominatos
621 4829 681 4900 pro
704 4829 780 4876 eum
803 4803 973 4896 subscripsi
997 4801 1029 4898 †

344 4926 489 5042 'Q'
513 4937 715 5002 unrronc
739 4935 914 5003 nnuonc
939 4905 1002 5000 ao
1026 4906 1077 5002 so
1093 4938 1363 5010 cormones
1387 4913 1492 5009 c'c'i'o
1515 4947 1663 5013 escun

253 5055 376 5124 suono
398 5059 477 5124 cen
501 5046 532 5142 †
1277 5033 1283 5049 '
