4854 6528
1367 654 1511 752 (rsa)

707 839 755 910 'in
777 835 890 907 eadem
913 826 1045 904 ecclesia
1067 827 1175 896 nostra
1190 821 1291 892 suncti
1308 816 1457 891 euthimii
1472 815 1625 888 homnem
1647 812 1815 888 hohicinnt
1838 815 2067 897 sacerdotalem
2083 849 2146 900 ca.

720 986 797 1036 nere
820 959 969 1033 debeant.
994 954 1058 1025 hoc
1081 959 1129 1024 est
1152 951 1302 1045 hesperos
1325 952 1358 1020 et
1372 903 1548 1016 matutirioi
1570 963 1628 1016 seu
1642 944 1814 1015 missarum
1836 939 2012 1016 sollemnia.
2029 962 2063 1021 et
2077 953 2145 1026 orie

721 1086 883 1160 laudibus.
908 1092 942 1154 et
962 1077 1220 1154 lumenariorum
1241 1069 1485 1145 concinnatione
1508 1065 1560 1141 die
1593 1076 1756 1164 noctuque
1778 1063 1825 1136 ibi
1849 1065 1981 1141 exibere
2010 1071 2140 1150 debeas.

722 1227 760 1287 ut
783 1222 862 1309 aput
884 1213 980 1285 deum
1004 1205 1221 1300 omnipotente
1245 1202 1276 1275 ei
1299 1196 1415 1272 mercis
1437 1202 1590 1266 utcrescat
1613 1203 1646 1267 et
1670 1201 1748 1286 apnt
1771 1191 1933 1268 ominibus
1949 1195 2029 1272 laus.
2046 1210 2079 1274 et
2102 1205 2144 1278 de

721 1342 817 1416 rebus
841 1337 940 1432 ipsius
964 1331 1095 1408 ecclesie
1119 1325 1289 1400 curiositer
1319 1341 1433 1394 curam
1448 1327 1482 1390 et
1496 1319 1755 1392 mttomdinsm.
1779 1317 1967 1394 abedebcas.
2001 1325 2134 1423 insuper

602 1543 606 1551 .
723 1482 762 1544 tu
785 1479 818 1542 et
840 1468 909 1561 ipse
924 1461 1013 1534 omni
1028 1477 1135 1530 annuo
1156 1450 1250 1523 nobis
1274 1445 1475 1542 posterisque
1489 1446 1608 1518 nostris
1624 1447 1700 1520 dere
1716 1455 1749 1520 et
1763 1447 1903 1544 dirigere
1926 1450 2067 1527 eidemq,
2082 1477 2140 1550 ΡΘ,-

724 1595 922 1668 natibitatem
944 1582 1068 1658 domini
1092 1577 1215 1651 oblatas
1238 1574 1379 1670 parium.
1405 1596 1522 1647 unum.
1548 1586 1581 1648 et
1596 1597 1654 1670 per
1677 1579 1946 1682 resurectionem
1962 1583 2085 1656 domini
2109 1598 2142 1660 et
2222 1577 2230 1584 ’

724 1713 874 1792 salvatori
896 1705 997 1780 nostri
1020 1704 1118 1776 ihesu
1139 1701 1253 1774 chricti
1276 1699 1424 1774 similiter
1446 1699 1592 1776 bobhtas
1615 1703 1754 1797 parium.
1782 1725 1896 1776 unum.
1915 1717 1949 1779 et
1963 1729 2141 1806 numquam

723 1835 973 1940 presummimus
996 1855 1056 1904 noe
1071 1833 1124 1903 rel
1137 1829 1272 1924 posteris
1293 1829 1411 1902 uostris
1433 1851 1494 1904 neo
1516 1831 1669 1904 abeamus
1691 1830 1853 1935 licentiam
1877 1845 2056 1910 memorata
2080 1862 2140 1911 ec-

724 1967 816 2042 clesia
840 1975 948 2035 nostra
963 1959 1065 2032 sancti
1079 1955 1229 2032 euthimii
1243 1979 1319 2028 oum
1334 1955 1485 2028 omnibns
1502 1956 1689 2031 memoratis
1705 1981 1748 2029 ex
1764 1981 1803 2030 ea
1820 1959 2013 2053 pertinentes
2030 1987 2138 2059 quan·

723 2107 795 2168 turu
817 2090 915 2163 modo
937 2099 976 2160 tn
999 2095 1108 2158 tenere
1131 2082 1251 2156 rideris
1270 2090 1304 2154 et
1317 2081 1515 2156 cumomnia
1530 2105 1596 2178 qne
1609 2081 1656 2154 ibi
1672 2081 1820 2155 hobhtns
1843 2083 1944 2156 inerit
1965 2085 2141 2163 homnibus

725 2222 792 2292 vite
815 2227 872 2292 tue
893 2213 954 2286 tibi
975 2211 1097 2285 tollere.
1121 2217 1155 2284 et
1177 2217 1250 2304 post
1272 2217 1367 2281 tuum
1388 2206 1540 2281 hobitum
1563 2207 1636 2280 illut
1658 2205 1782 2281 tollere.
1807 2218 1842 2281 at
1856 2209 1963 2304 ipsum
1986 2211 2140 2286 clericum

724 2348 778 2417 rel
800 2342 987 2438 presbytero
1009 2359 1108 2434 quem
1130 2347 1168 2410 tu
1190 2335 1237 2406 ibi
1260 2333 1421 2408 dimiseris
1454 2343 1488 2407 et
1519 2332 1719 2408 ordinaberis
1741 2333 1854 2407 diebus
1877 2337 1944 2409 vite
1966 2359 2033 2410 sue.
2066 2361 2140 2414 eum

726 2469 805 2542 ioris
828 2467 944 2538 exinde
974 2464 1078 2535 eicere
1100 2471 1157 2532 ant
1179 2461 1298 2532 iactare
1320 2483 1380 2532 nec
1403 2459 1545 2556 quilibet
1574 2459 1774 2532 sacerdotem
1796 2459 1848 2531 rel
1882 2461 2047 2533 clericum.
2089 2470 2147 2536 ant

728 2589 922 2664 monachum
937 2585 997 2658 *vel
1021 2585 1083 2657 alia
1106 2584 1220 2682 quabis
1243 2605 1379 2680 persone
1402 2582 1522 2658 ibidem
1544 2605 1665 2680 ponere
1688 2608 1747 2681 pec
1769 2585 1896 2658 nullum
1925 2587 2061 2660 modum
2084 2612 2145 2661 ner

728 2742 787 2815 per
808 2713 983 2789 mmmisu's
1005 2712 1157 2807 personis
1181 2719 1373 2808 portantem
1397 2733 1531 2806 qnoque
1547 2711 1647 2806 ipsius
1662 2711 1773 2784 clerici
1789 2713 1842 2784 rel
1856 2713 2035 2808 presbyteri
2051 2723 2145 2788 tran·

729 2846 837 2917 citum.
861 2851 1036 2912 memorata
1059 2839 1191 2912 meteri·
1213 2847 1323 2911 nmtra
1345 2839 1446 2912 sancti
1469 2837 1607 2910 euthimi
1629 2861 1706 2910 eum
1723 2841 1873 2913 omnibns
1896 2845 2083 2915 memoratis
2104 2867 2146 2917 ex

731 2995 768 3042 ea
783 2969 975 3063 pertinentes
998 2973 1037 3036 ut
1057 2987 1153 3060 super
1176 2965 1307 3059 legitor.
1333 2972 1365 3036 et
1390 2985 1465 3034 cum
1490 2961 1640 3034 omnibus
1660 2966 1845 3036 memoratis
1860 2987 1941 3060 quas
1956 2975 1992 3038 tn
2007 2979 2039 3038 at
2056 2975 2145 3040 tunm

730 3097 903 3170 transitum
926 3094 1046 3166 ibidem
1068 3093 1233 3166 dimictere
1257 3091 1374 3164 debeas
1397 3103 1434 3163 ut
1455 3113 1552 3186 snper
1575 3093 1703 3187 legitur.
1726 3103 1758 3166 et
1780 3116 1855 3166 cnm
1871 3097 1980 3168 omnia
2003 3123 2069 3194 qne
2089 3123 2145 3194 per

732 3223 957 3298 inbentansnm
979 3220 1010 3292 ei
1033 3217 1327 3312 consignsbcrimns
1350 3217 1384 3288 in
1407 3225 1532 3289 nostrm
1554 3221 1754 3314 posterisque
1767 3220 1886 3294 nostris
1901 3234 2144 3318 memoratoque

732 3361 841 3424 sancto
866 3361 899 3422 et
922 3347 1095 3423 venerabili
1117 3357 1228 3418 nostro
1250 3345 1446 3418 monasterio
1468 3346 1671 3418 rebertantnr
1694 3356 1848 3442 potestate
1862 3350 1956 3422 ouius
1980 3351 2053 3423 iure
2077 3373 2144 3424 esse

733 3480 868 3554 videtur.
892 3486 939 3550 set
960 3477 988 3547 si
1011 3471 1133 3546 mobile
1148 3473 1269 3545 ibidem
1283 3471 1457 3544 hoiiertnm
1474 3470 1623 3542 fueritin
1638 3481 1760 3542 vestras
1775 3471 1817 3542 sit
1831 3481 1986 3566 potestate
2010 3476 2147 3547 faciendi

734 3606 849 3678 exinde
872 3605 1003 3676 homnia
1027 3627 1093 3699 qne
1116 3597 1283 3674 uolueritis
1298 3599 1326 3670 si
1341 3597 1421 3668 bero
1444 3598 1611 3671 immovile
1627 3609 1660 3672 et
1673 3599 1799 3672 codices
1812 3600 1858 3670 ibi
1873 3601 2024 3672 offertum
2047 3601 2144 3672 luerit

733 3742 805 3826 post
827 3737 970 3804 vestrum
992 3727 1162 3800 hanutum
1185 3724 1220 3798 in
1242 3723 1446 3821 possemione
1463 3733 1641 3798 memorata
1675 3725 1807 3799 ecclesie
1839 3736 1947 3798 nosne
1978 3749 2143 3799 remouere

734 3857 859 3929 dm.
889 3863 1111 3930 verumtamen
1132 3851 1221 3924 stetit
1242 3851 1327 3924 inter
1356 3851 1449 3924 nobis
1473 3861 1506 3923 et
1527 3853 1705 3959 firmamus.
1730 3862 1766 3924 ut
1788 3851 1921 3923 bomnia
1935 3873 2150 3948 quecumque

733 3979 860 4052 abuerit
882 3981 916 4052 in
938 3987 1115 4050 memorata
1137 3975 1270 4050 ecelesia
1293 3983 1402 4048 nostra
1428 3976 1528 4048 sancti
1543 3974 1692 4047 euthimii
1717 3989 1749 4046 at
1772 3974 1985 4048 senciendum
2003 3997 2061 4046 ros
2077 3975 2149 4048 utut

733 4107 880 4180 conciare
912 4104 1052 4177 debeatis
1075 4115 1108 4176 at
1130 4105 1220 4175 omni
1254 4113 1364 4209 vestro
1394 4103 1554 4198 expendio
1585 4103 1663 4195 quia
1687 4103 1733 4172 ita
1755 4102 1848 4174 nobis
1880 4102 2088 4196 complacuit.
2114 4101 2150 4172 Si
2265 4185 2269 4195 ¹

734 4244 841 4306 rotem
865 4255 925 4306 nos
947 4241 1004 4304 aut
1025 4231 1160 4329 posteris
1182 4233 1299 4304 nostris
1322 4231 1375 4303 rel
1398 4239 1595 4302 memoratur
1619 4237 1747 4300 sanctos
1769 4240 1802 4302 et
1824 4229 2016 4304 venerabilis
2039 4239 2147 4304 noster

733 4357 944 4432 monasterius
967 4357 1083 4453 quohis
1104 4368 1250 4451 tempore
1272 4359 1383 4424 contra
1397 4351 1481 4422 hanc
1495 4349 1674 4420 chartulam
1688 4349 1907 4443 promissionis
1922 4361 1959 4424 ut
1972 4375 2070 4447 super
2093 4353 2148 4424 le·

733 4490 820 4582 gitur
841 4489 953 4562 bcniro
976 4485 1241 4583 presumserimus
1263 4491 1297 4554 et
1318 4479 1451 4552 minime
1475 4476 1748 4572 atimplererimus
1780 4479 1819 4550 de
1849 4475 2052 4550 isomnibus
2075 4501 2150 4552 me·

733 4615 865 4685 moratis
888 4639 947 4708 per
969 4615 1086 4708 quohis
1113 4611 1261 4685 modum.
1287 4614 1344 4678 ant
1365 4601 1543 4676 summissis
1571 4603 1718 4696 personis
1741 4611 1818 4676 tuno
1841 4603 2065 4698 componimus
2089 4603 2151 4678 tihi

731 4749 765 4810 ct
788 4737 888 4829 ipsius
910 4739 1019 4810 clerici
1042 4739 1095 4810 rel
1118 4735 1298 4834 presbyteri
1320 4733 1416 4830 quale
1439 4740 1477 4802 tu
1498 4729 1618 4806 ibidem
1652 4729 1850 4804 ordinaberis
1878 4731 1951 4804 auri
1972 4730 2054 4804 libra
2078 4753 2142 4806 une

733 4863 929 4958 bythiantea.
956 4873 989 4934 et
1012 4886 1049 4936 ec
1073 4863 1217 4934 chartula
1251 4861 1471 4958 promissionis
1494 4867 1531 4932 ut
1552 4881 1650 4954 super
1677 4859 1796 4954 legitur
1818 4859 1860 4932 sit
1883 4859 2002 4932 firma:
2030 4858 2150 4952 scripta

731 5012 789 5081 per
812 5009 926 5067 manus
949 4988 1046 5081 sergii
1069 4987 1233 5079 scriptoris
1256 4987 1414 5081 discipulo
1437 4985 1559 5058 domini
1582 4985 1665 5078 petri
1695 4985 1826 5059 cunella
1851 4985 1992 5060 scribere
2014 4995 2147 5080 rogatus

729 5136 788 5206 per
810 5113 984 5185 indictione
1009 5123 1186 5187 memorata
1211 5110 1429 5184 tertiadecima
1453 5111 1484 5204 †
