4854 6528
909 650 1055 748 (sss)

270 809 394 910 cipiatis
417 811 588 885 medietate
603 817 636 882 et
648 819 826 885 memorata
847 811 1033 905 sadelperga
1048 811 1196 885 similiter
1210 816 1380 888 medietate
1396 825 1444 890 set
1459 819 1623 894 mercedes
1646 821 1689 894 de
1732 837 1737 846 ·

270 941 432 1039 operarios
447 942 487 1011 ad
511 940 793 1012 rindcmniaudum
809 949 842 1011 ct
856 941 1072 1033 colligendum
1096 941 1164 1034 ipse
1179 941 1274 1012 olibis
1289 963 1346 1016 seu
1363 949 1578 1020 macenaturia
1594 947 1685 1042 ipso-

269 1091 344 1140 rum
358 1065 452 1136 olibis
467 1065 507 1134 do
523 1067 688 1136 communi
701 1065 847 1158 pargiare
863 1064 1002 1136 debeatis
1017 1073 1065 1137 set
1078 1073 1113 1138 tn
1126 1075 1159 1138 et
1173 1067 1323 1138 omnibus
1335 1067 1521 1140 hominibus
1535 1071 1684 1144 masculis

271 1193 311 1266 dc
333 1213 404 1262 casa
427 1199 482 1261 tua
513 1189 611 1282 gratia
636 1191 682 1260 ibi
706 1191 933 1262 vendemniare
956 1199 989 1263 et
1012 1188 1165 1284 colligere
1198 1213 1256 1263 seu
1284 1213 1453 1261 macerare
1485 1193 1625 1267 debeatis
1657 1207 1691 1268 et

269 1337 447 1411 numquam
469 1315 720 1408 presummimus
742 1337 802 1384 nos
825 1323 881 1384 aut
905 1314 1040 1408 posteris
1062 1314 1179 1386 nostris
1193 1339 1253 1386 nec
1266 1314 1441 1388 habeamus
1456 1314 1585 1388 licentia
1608 1341 1687 1391 me-

270 1453 393 1516 morata
412 1452 502 1516 ¹terra
526 1452 634 1514 nostra
650 1443 800 1515 omnibus
815 1441 881 1514 rite
897 1451 1075 1514 memorate
1091 1442 1276 1536 sadelperge
1292 1443 1353 1514 tibi
1369 1443 1498 1537 tuisque
1512 1443 1685 1518 heredibus

266 1569 378 1641 tollere
402 1591 461 1664 per
483 1568 611 1640 nullum
633 1569 769 1638 modum
791 1591 851 1640 nec
873 1589 932 1661 per
955 1566 1133 1639 summissis
1155 1567 1301 1661 personis
1322 1587 1383 1638 vos
1397 1565 1479 1638 beno
1502 1567 1683 1642 larorcntes

265 1703 299 1766 at
322 1693 516 1786 adimplente
539 1693 648 1765 omnia
671 1701 862 1764 memorata.
887 1701 961 1786 post
984 1701 1093 1764 autem
1128 1691 1273 1764 eiusdem
1305 1689 1490 1786 sadelperge
1513 1694 1685 1768 transitum

265 1829 443 1893 memorata
469 1821 576 1892 inclita
592 1830 684 1892 ¹terra
708 1845 783 1894 cum
805 1821 976 1892 arvoribus
999 1829 1032 1892 et
1054 1819 1149 1891 olibis
1170 1820 1267 1891 simul
1290 1841 1365 1890 cum
1393 1818 1563 1893 introitum
1586 1845 1693 1918 suum·

264 1949 479 2045 omnibusque
493 1950 555 2020 sivi
572 1949 805 2042 pertinentibus
821 1949 976 2020 innostra
989 1947 1190 2042 posterisque
1212 1949 1331 2020 nostris
1345 1955 1590 2044 memoratoque
1612 1971 1688 2022 san-

264 2082 318 2147 cto
341 2081 375 2148 ct
397 2075 573 2147 venerabili
596 2087 707 2148 nostro
731 2079 926 2150 monasterio
948 2077 1151 2149 rehertantur
1174 2085 1207 2146 et
1230 2075 1293 2146 sint
1314 2085 1469 2170 potestate
1491 2075 1586 2150 cuius
1609 2075 1682 2150 iure

264 2221 332 2274 csse
353 2185 517 2274 videntur.
543 2213 767 2276 verumtamen
781 2225 841 2274 vos
855 2225 931 2274 cum
945 2212 1122 2275 memorata
1140 2202 1285 2274 exadelta
1297 2211 1402 2274 vestra
1425 2203 1492 2276 rite
1514 2224 1573 2274 sue
1595 2203 1687 2276 omni

265 2347 374 2398 annuo
397 2327 437 2398 de
461 2329 627 2399 communi
651 2329 743 2398 nobis
766 2329 968 2422 posterisque
1002 2325 1120 2398 nostris
1147 2325 1265 2396 exinde
1295 2326 1371 2396 darc
1395 2332 1428 2397 et
1451 2323 1591 2419 dirigere
1620 2325 1684 2398 do-

262 2451 362 2525 beatis
378 2451 487 2523 oleum
510 2455 689 2523 sextarium
712 2475 817 2523 unum
831 2454 955 2524 iustum
971 2455 1102 2554 quando
1118 2455 1153 2524 in
1169 2453 1325 2548 ipsoloco
1340 2451 1439 2526 suerit
1455 2459 1551 2526 notras
1564 2454 1685 2527 oleum.

264 2589 297 2650 et
318 2579 448 2676 quarmo
470 2580 506 2650 in
528 2581 599 2674 ipso
624 2578 697 2648 loco
720 2578 831 2648 oleum
853 2597 920 2646 non
943 2555 1044 2647 fuerit
1066 2585 1179 2647 natum
1201 2579 1330 2651 nemine
1344 2581 1437 2653 vobis
1453 2603 1531 2656 cum
1545 2603 1681 2681 quera·

262 2727 348 2778 mus.
373 2706 460 2790 Quia
482 2705 527 2777 ita
551 2704 644 2776 nobis
668 2703 877 2797 complacui:
902 2702 938 2774 si
962 2710 1072 2775 autem
1094 2721 1155 2774 nos
1177 2712 1234 2774 aut
1255 2707 1390 2799 posteris
1413 2709 1532 2781 nostris
1563 2709 1681 2805 quovis

209 2827 214 2832 ’
263 2841 411 2927 tempora
433 2841 544 2903 contra
566 2832 650 2903 hauc
673 2832 853 2902 chartulam
875 2829 1097 2926 promissionis
1120 2836 1159 2901 ut
1180 2851 1278 2926 super
1306 2833 1425 2928 legitur
1458 2834 1572 2908 venire
1596 2857 1678 2929 pre·

261 2959 472 3032 sumserimus
495 2981 554 3052 per
577 2961 694 3052 quovis
718 2961 853 3029 modum
880 2967 937 3028 aut
962 2956 1140 3029 summissis
1165 2941 1320 3052 personis.
1349 2967 1427 3030 tunc
1450 2960 1677 3053 componimus

261 3083 322 3156 tibi
344 3084 473 3178 tuisque
496 3082 667 3154 heredibus
689 3083 760 3152 auri
775 3082 892 3153 solidos
915 3081 1085 3154 duodecim
1107 3079 1328 3175 bythianteos:
1346 3081 1457 3153 etheo
1480 3081 1626 3152 chartaria
1643 3095 1681 3155 ut

262 3229 360 3302 super
381 3207 501 3301 legitur
524 3207 566 3277 sit
588 3206 680 3277 firma
702 3205 821 3299 scripta
836 3227 894 3300 per
909 3228 1024 3278 manus
1040 3205 1175 3280 iohanni
1189 3209 1319 3283 curialis
1334 3230 1393 3303 per
1410 3209 1588 3283 indictione
1604 3231 1682 3282 me-

261 3341 388 3404 morata
410 3333 581 3404 undecima
603 3329 635 3426 †
984 3370 985 3374 =

356 3463 391 3528 et
412 3455 477 3526 hoc
498 3453 670 3527 memorati
693 3473 805 3526 sumus
828 3463 867 3526 ut
889 3453 1021 3550 quando
1042 3458 1219 3522 memorata
1242 3448 1427 3546 sadelperga
1449 3451 1496 3526 ibi
1519 3461 1552 3524 at
1567 3455 1678 3526 recol-

261 3579 441 3693 dgendum
450 3577 576 3650 benerit
599 3597 657 3648 vos
680 3603 717 3650 ea
740 3577 889 3692 euQ
909 3568 1051 3652 debeatis
1073 3583 1113 3648 ut
1136 3577 1261 3650 iustum
1283 3575 1383 3648 luerit

349 3703 381 3799 †
404 3711 457 3776 ra
480 3705 756 3772 rrosnrmsouc
779 3697 961 3813 cocej-

352 3821 386 3918 †
408 3832 492 3912 Εγω
514 3839 695 3913 γρεγοριουσ
716 3837 855 3905 posumus
878 3815 1010 3912 σοον-Ι·

353 3939 386 4034 †
408 3951 497 4018 mro
520 3951 706 4016 rostanno
727 3916 824 4014 ben
847 3915 957 4017 cecis
981 3941 1013 4037 †

353 4061 501 4160 †nro
524 4073 731 4138 currrorc
762 4039 855 4137 fise
878 4075 936 4138 ur
963 4043 1065 4140 diois
1087 4043 1253 4164 ὀὸῐΒῨ

351 4190 383 4288 †
406 4213 469 4286 ego
491 4191 616 4284 sergius
639 4191 723 4264 tilius
746 4191 870 4264 domini
893 4191 1042 4266 iohannis
1065 4194 1215 4267 monachi
1245 4203 1377 4292 rogatus
1407 4221 1426 4268 a
1456 4201 1674 4297 euproeripco

259 4320 413 4414 igumeno
436 4327 469 4393 et
491 4321 561 4394 eius
583 4319 833 4414 congregatione
855 4321 928 4392 testi
952 4322 1127 4419 subscripsi
1149 4321 1182 4418 †
1217 4299 1221 4306 ’

355 4449 388 4545 †
410 4471 472 4542 ego
494 4449 633 4521 stefanus
655 4447 740 4520 tilius
763 4449 887 4520 domini
910 4451 1059 4552 anastasii
1081 4461 1214 4546 rogatus
1235 4476 1255 4522 a
1277 4451 1494 4544 suprascripto
1516 4452 1671 4547 igumeno

260 4577 387 4652 eteius
409 4577 657 4668 mngregacione
680 4574 754 4645 testi
776 4576 949 4670 subscripsi
971 4576 1003 4671 †
1590 4579 1594 4586 '

354 4699 387 4797 †
410 4721 471 4794 ego
493 4702 632 4772 eamus
654 4697 740 4770 fitius
761 4701 884 4772 domini
906 4701 1057 4776 iohannis
1077 4709 1211 4798 rogatus
1233 4723 1253 4773 a
1275 4705 1492 4800 suprascripto
1517 4705 1671 4802 igumeno

262 4841 294 4906 ct
316 4829 387 4904 eius
408 4829 657 4922 congregatione
680 4829 753 4900 testi
776 4829 950 4924 subscripsi
972 4836 1004 4930 †

355 4954 389 5054 †
410 4958 484 5050 ligo
504 4955 659 5030 iohannes
680 4955 817 5030 Curialis
838 4957 1005 5054 Compleri
1028 4967 1062 5032 et
1085 4957 1210 5034 absolvi
1231 4983 1291 5056 per
1304 4961 1480 5036 indictione
1493 4975 1671 5040 memorata

264 5081 433 5156 undecima
455 5077 488 5175 †
631 5085 643 5100 '
1461 5089 1477 5121 *
