4876 6532
741 678 744 686 .
898 617 1024 712 (u)

236 781 315 852 litis.
344 785 376 852 et
400 799 459 848 nes
482 783 515 846 et
539 789 719 848 memoratu
743 771 876 846 dominu
900 775 1050 870 campulo
1072 801 1185 851 meere
1215 787 1249 852 el
1272 783 1411 874 genitori
1447 795 1559 862 nocuo
1586 790 1659 862 illus

236 906 475 984 dominavimus
499 929 517 974 u
543 917 633 997 perte
663 906 788 977 militie.
823 913 855 976 et
887 924 946 976 ves
962 929 1034 984 ,unu
1059 906 1235 1000 cum-gari
1264 909 1463 1000 lnrrgubnrdu
1496 917 1566 985 illus
1590 919 1657 988 do-

236 1035 406 1108 minestitis
429 1054 490 1126 pro
513 1033 658 1126 partibus
681 1032 969 1127 lungubardorum:
995 1034 1088 1104 Unde
1113 1036 1252 1106 multum
1269 1034 1409 1127 litigium
1433 1038 1550 1110 exinde
1574 1041 1659 1115 inter

236 1185 294 1236 nes
317 1160 467 1234 sbnimus
491 1181 578 1230 nunc
602 1168 712 1234 unum
736 1159 913 1240 iudicatum
935 1167 990 1232 est.
1006 1159 1125 1234 exinde
1152 1161 1237 1234 iuter
1268 1161 1365 1235 uubis
1384 1169 1423 1232 ut
1443 1163 1553 1236 iurare
1575 1169 1658 1240 mihi

236 1314 308 1386 pars
338 1301 443 1364 vestra
467 1288 630 1364 didicere
654 1314 714 1384 per
740 1297 980 1362 sscrmnentum
1012 1284 1101 1384 qued
1124 1311 1184 1362 rns
1207 1299 1241 1364 et
1271 1297 1453 1365 memorato
1488 1312 1600 1364 socero
1619 1304 1657 1368 et

236 1415 373 1513 genituri
395 1424 503 1490 vestm
517 1439 584 1488 unu
599 1439 728 1490 mecum
743 1424 776 1493 el
789 1437 866 1489 cnm
881 1422 1060 1486 memorale
1083 1413 1216 1486 domiuo
1229 1415 1389 1488 lemberlo
1413 1438 1567 1511 germem
1581 1443 1656 1494 men

236 1559 268 1620 et
290 1565 366 1616 cum
391 1543 665 1637 memoretu·.grri
687 1541 888 1636 lungubardn
910 1542 984 1615 illus
1004 1541 1215 1628 deminsslitis
1238 1534 1307 1618 ves
1321 1545 1476 1640 properti
1492 1546 1607 1618 militie
1622 1555 1656 1618 ei

235 1696 294 1746 nes
317 1682 383 1766 pro'
401 1682 491 1768 perde
513 1669 791 1764 langubardorum
814 1689 1007 1763 poneremus
1033 1645 1140 1741 ,vobis
1154 1669 1200 1742 ¹de
1224 1667 1393 1738 medietate
1416 1667 1458 1738 de
1481 1679 1656 1757 memorate

234 1817 387 1893 campora
403 1799 489 1870 etde
506 1803 683 1868 memorale
697 1795 911 1889 lundnralpro
928 1803 1018 1890 perte
1034 1803 1140 1866 vestre
1154 1791 1272 1864 militie
1295 1789 1475 1864 securitate.
1494 1801 1535 1863 et
1550 1794 1608 1886 qui
1623 1794 1660 1866 in

233 1923 391 2018 presentis
413 1922 519 2014 recepi
544 1945 563 1990 u
586 1929 677 2014 parte
702 1930 808 1990 vestra
832 1929 1009 1990 memorate
1032 1925 1229 1988 sacrnruentn
1245 1917 1371 1988 dicente
1385 1915 1478 1989 nobis
1495 1927 1532 1988 ut
1552 1939 1657 2013 supe-

234 2045 305 2120 rius
329 2045 528 2118 niseruistitis
551 2052 585 2118 et
608 2042 740 2130 delinivi
763 2041 881 2114 exinde
900 2040 1070 2112 vobiscum
1094 2049 1128 2112 et
1148 2063 1226 2115 cum
1240 2038 1375 2116 heredes
1398 2042 1515 2117 vestris
1528 2042 1565 2114 in
1580 2065 1659 2116 om-

234 2173 331 2246 nibns
352 2181 386 2246 et
407 2173 525 2244 amodo
548 2181 581 2244 et
602 2193 730 2266 semper
763 2193 932 2264 nunquam
966 2168 1182 2264 presumimus
1210 2191 1270 2239 nes
1294 2177 1352 2247 aut
1372 2167 1506 2243 heredes
1537 2173 1656 2246 nestris

234 2321 294 2372 nec
316 2297 467 2370 abeamus
489 2297 653 2370 licentium
676 2297 850 2393 eliqrrnnde
874 2307 1019 2390 tempere
1043 2317 1104 2368 vos
1126 2303 1182 2368 aut
1197 2295 1370 2369 heredibus
1385 2295 1499 2368 vestris
1522 2320 1655 2370 memu-

234 2436 304 2497 rctu
316 2424 487 2525 medicinis
502 2429 609 2494 vestre
624 2423 664 2492 de
679 2431 858 2494 memorale
881 2423 1019 2496 [undere
1036 2428 1068 2493 et
1083 2423 1124 2494 de
1139 2429 1316 2492 memorata
1331 2443 1483 2516 campere
1498 2423 1656 2518 properti

233 2549 348 2622 militie
371 2554 476 2620 vestre
500 2565 558 2639 per
581 2544 707 2619 nullum
729 2543 865 2616 modum
888 2567 947 2618 nse
971 2565 1030 2638 per
1050 2544 1227 2616 summissis
1250 2547 1394 2640 persenis
1410 2547 1445 2618 in
1462 2560 1653 2642 perpetuum

234 2680 291 2746 sut
311 2671 405 2744 vebis
427 2669 480 2743 vel
503 2681 536 2740 st
563 2666 678 2739 restris
700 2665 873 2742 heredibus
880 2713 986 2738 .....
1016 2675 1122 2738 vestra
1144 2691 1206 2774 pru
1231 2671 1315 2762 perti
1338 2671 1453 2744 militie
1469 2683 1653 2748 mutuemus

233 2821 292 2894 per
315 2797 442 2868 nullum
464 2795 600 2870 medum
622 2815 682 2864 nec
704 2815 763 2886 per
786 2789 965 2864 summissis
992 2791 1139 2884 personis
1162 2794 1241 2884 quin
1263 2791 1311 2864 sic
1324 2793 1410 2865 inter
1425 2795 1518 2866 nobis
1539 2799 1652 2870 stetis:

233 2923 261 2996 si
285 2933 392 2996 aulem
415 2921 507 2992 nliler
528 2920 700 2994 fecerimus
715 2921 755 2992 de
777 2918 829 2990 bis
850 2918 1002 2990 omnibns
1024 2907 1293 3012 memoretis'per
1307 2923 1426 3016 quevis
1448 2925 1582 2996 modum
1597 2933 1667 3000 nut‘

234 3075 291 3150 per
313 3050 490 3124 summissis
512 3049 657 3144 personis
680 3059 758 3122 tunc
775 3071 937 3142 compone
951 3061 1023 3142 ’ego
1047 3058 1080 3120 et
1101 3047 1236 3152 heredes
1251 3049 1332 3120 meis
1355 3050 1449 3124 vebis
1472 3053 1654 3148 vestrisque
1782 3041 1786 3050 “

234 3180 406 3256 heredibus
439 3179 511 3253 nuri
538 3179 620 3256 libus
644 3201 708 3250 unu
741 3178 927 3274 byihiunlee
958 3187 991 3248 et
1015 3176 1076 3249 hec
1103 3177 1249 3248 chartule
1273 3185 1310 3249 nl
1332 3201 1431 3275 super
1463 3181 1582 3276 legitur
1614 3185 1656 3258 sii

235 3311 326 3384 lirum
350 3307 465 3402 scripls
488 3332 548 3404 per
569 3322 685 3380 medus
706 3307 791 3401 petri
816 3307 983 3400 scriptoris
1006 3306 1165 3398 discipulo
1184 3308 1310 3378 demini
1327 3313 1470 3404 gregorii
1491 3315 1606 3386 curiali
1623 3325 1657 3387 ei

234 3433 390 3508 scriniarii
416 3433 557 3506 seribere
582 3445 717 3526 rogetus
739 3439 773 3504 et
794 3439 891 3502 lestes
914 3437 953 3502 ut
973 3427 1212 3500 subscriberent
1234 3439 1368 3528 rogetus
1390 3455 1450 3527 per
1474 3435 1652 3514 memoratu

235 3569 351 3658 quarte
370 3561 551 3636 indictione
573 3557 605 3654 †

256 3721 273 3762 .·
324 3685 442 3786 †ego
465 3685 524 3781 qui
547 3707 647 3779 snpra
671 3683 806 3778 adelgisi

235 3841 238 3848 ¹
328 3815 361 3912 †
383 3839 446 3912 ego
468 3813 623 3888 icbsunes
644 3809 880 3885 filius-domini
896 3809 996 3906 sergii
1011 3817 1180 3907 regalius
1200 3813 1418 3912 suprescripie
1431 3815 1562 3916 adelgisi
1579 3821 1651 3892 resti

234 3943 509 4040 uesper
871 4008 874 4014 ¹

329 4069 361 4165 †
383 4091 446 4162 ege
468 4065 623 4140 iohannes
645 4062 733 4138 lilius
755 4060 880 4136 domini
894 4060 995 4158 sergii
1010 4069 1144 4160 rogatu
1159 4087 1178 4134 n
1195 4063 1413 4160 suprascripto
1427 4067 1565 4165 adelgisi
1579 4075 1652 4144 testi

235 4201 410 4296 mmeripsi
433 4197 465 4293 †
499 4299 547 4320 ,..
784 4257 827 4314 ·..
1004 4239 1061 4318 ’.-
1140 4235 1144 4245 ’
1424 4299 1510 4320 ....

327 4320 469 4418 †sn0
492 4330 543 4396 rc
566 4328 743 4394 eruore
765 4330 826 4394 uns
848 4325 960 4392 curn
982 4328 1078 4394 uon
1101 4329 1328 4396 perurere
1359 4331 1388 4396 n
1413 4335 1519 4398 ecre
1539 4333 1654 4400 uun-

91 4511 95 4524 .
234 4455 318 4526 rrcn
339 4423 651 4538 necessumst

325 4575 449 4674 †Eg⁰
472 4576 642 4676 gregorius
664 4573 793 4648 cusial'u
816 4581 851 4646 et
870 4572 1057 4646 scriniarius
1079 4570 1247 4667 Cemplevi
1263 4593 1323 4668 per
1339 4575 1516 4647 memoriis
1535 4583 1650 4673 quarte
1762 4563 1770 4572 ⁴

232 4703 407 4779 indictione
1226 4719 1231 4728 ·
1591 4721 1598 4730 ·

848 4851 1084 4900 -ιοὸιοοοιανιω
