4954 6532
1401 599 1530 688 (⁴2)

752 757 883 832 iterum·
896 763 928 826 at
951 760 1090 849 pertusa.
1113 751 1244 824 insimul
1267 771 1342 820 cum
1366 751 1534 821 erroribus
1563 758 1596 824 et
1626 751 1772 821 introitas
1796 765 1869 822 snas
1892 761 1925 821 et
1947 748 2097 821 omnibus
2128 753 2174 824 eis

752 881 942 989 generaliter
965 877 1209 972 pertinentibus.
1235 876 1322 946 unde
1346 873 1428 944 nihil
1450 873 1510 944 tibi
1533 898 1576 946 ex
1599 875 1626 946 is
1643 875 1792 944 omnibus
1808 874 1932 969 aliquot
1946 877 2098 947 remansit
2119 885 2175 948 aut

749 1008 933 1084 raserbastis
957 1029 1016 1076 nec
1039 1006 1074 1076 in
1098 1005 1200 1075 aliena
1225 1026 1360 1096 persona
1383 1001 1552 1072 comisistis
1575 1010 1741 1095 potestate.
1766 1012 1815 1074 set
1837 1003 1871 1074 in
1895 1012 2004 1074 nostra
2034 1006 2174 1078 susam
2198 1045 2206 1056 ·

750 1157 816 1230 quc
839 1129 1010 1203 heredibus
1041 1128 1083 1198 sit
1110 1135 1266 1220 potestate
1297 1123 1456 1220 quidquid
1490 1125 1607 1196 exinde
1638 1127 1744 1196 iacere
1777 1127 1985 1196 voluerimus.
2019 1137 2053 1199 et
2075 1137 2111 1198 tu
2141 1139 2173 1200 et

750 1260 883 1334 heredes
907 1257 971 1330 tuis
994 1255 1084 1326 omni
1109 1265 1254 1350 tempore
1277 1253 1369 1324 nobis
1393 1253 1575 1348 nostrisque
1607 1253 1778 1326 heredibus
1806 1255 1986 1326 nominatas
2018 1265 2085 1327 tres
2107 1279 2172 1351 pe-

750 1387 810 1458 tias
832 1395 904 1457 tuas
929 1385 968 1455 de
993 1383 1230 1477 prenominatas
1264 1385 1365 1450 terras
1397 1399 1473 1448 cum
1505 1378 1655 1452 omnibus
1685 1379 1733 1454 eis
1754 1381 1988 1486 pertinentibus
2011 1407 2052 1455 av
2082 1385 2171 1454 omni

748 1511 880 1585 homino
904 1510 1060 1603 omnique
1082 1531 1218 1602 persona
1243 1533 1285 1580 cx
1308 1506 1456 1579 omnibus
1480 1505 1625 1601 partibus
1648 1508 1683 1579 in
1706 1509 1856 1581 omnibus
1879 1517 2036 1582 antestare
2052 1519 2084 1583 et
2106 1510 2170 1584 de-

748 1603 871 1711 fensare
895 1631 1049 1704 deveatis.
1074 1633 1169 1702 sicuti
1202 1639 1235 1705 et
1257 1634 1423 1729 quomodo
1447 1633 1591 1704 continet
1614 1632 1759 1706 chartula
1789 1633 2015 1705 comutationis
2042 1642 2169 1706 nostras

749 1783 831 1857 quas
853 1767 889 1828 tu
913 1757 995 1826 mihi
1018 1757 1136 1828 exinde
1159 1757 1287 1829 fecistis.
1312 1759 1397 1830 unde
1421 1759 1538 1830 exinde
1562 1766 1595 1830 et
1616 1759 1858 1851 superiuximus
1880 1758 1940 1828 tibi
1956 1761 1991 1830 in
2011 1761 2168 1852 presentis

748 1895 781 1957 et
805 1883 876 1954 auri
900 1883 1018 1954 solidos
1054 1893 1194 1978 quatuor
1228 1884 1408 1978 bytianteos
1430 1885 1608 1955 incentum.
1640 1885 1754 1954 interis
1785 1905 1926 1977 namque
1950 1886 2168 1978 promittimus

747 2009 806 2081 tibi
829 2019 866 2081 ut
889 2009 917 2080 si
933 2018 968 2080 tu
983 2017 1041 2080 aut
1064 2009 1198 2082 heredes
1213 2011 1277 2081 tuis
1294 2012 1329 2080 in
1346 2011 1512 2081 nominato
1528 2011 1601 2081 loco
1625 2008 1818 2079 monianum
1841 2010 2011 2101 potueritis
2035 2011 2166 2083 vincere

745 2139 818 2234 plus
841 2145 940 2208 terras
974 2136 1032 2231 qui
1065 2135 1158 2206 nobis
1190 2135 1395 2230 pertinuisset
1428 2137 1462 2205 in
1492 2144 1548 2207 tua
1584 2136 1714 2229 tuisque
1743 2134 1914 2207 heredibus
1939 2135 1981 2206 sit
2010 2145 2166 2230 potestate
2224 2166 2229 2174 ·

746 2264 905 2358 quidquid
933 2263 1050 2334 exinde
1075 2265 1178 2334 facere
1202 2262 1381 2333 volueritis.
1407 2271 1439 2332 et
1462 2262 1586 2332 nullam
1606 2261 1816 2355 requisitione
1831 2263 1948 2335 exinde
1972 2263 2091 2336 abeatis
2106 2285 2166 2336 vos

746 2395 802 2457 aut
825 2386 957 2458 heredes
981 2383 1095 2456 vestris
1119 2409 1137 2453 a
1159 2383 1252 2452 nobis
1276 2389 1333 2450 aut
1356 2405 1375 2450 a
1399 2381 1516 2450 nostris
1538 2381 1711 2453 heredibus
1729 2399 1793 2476 'per
1815 2386 1941 2458 nullum
1972 2387 2107 2469 modum
2131 2387 2166 2460 in

745 2501 939 2604 perpetuum
961 2507 1019 2600 qui
1042 2507 1087 2576 ita
1110 2505 1194 2576 inter
1217 2503 1310 2574 nobis
1332 2525 1417 2574 rone
1442 2503 1616 2574 voluntatis
1638 2504 1809 2575 conbenitz
1836 2506 1871 2576 Si
1894 2517 2003 2580 autem
2026 2532 2085 2581 nos
2109 2512 2163 2582 vel

744 2639 879 2711 heredes
893 2637 1010 2708 nostris
1023 2634 1140 2728 quobis
1154 2641 1299 2727 tempore
1315 2641 1426 2703 contra
1440 2631 1523 2703 hanc
1539 2631 1683 2706 chartula
1698 2633 1924 2705 comutationis
1941 2643 1979 2708 ut
1992 2659 2091 2730 wsopor
2115 2639 2165 2710 le-

746 2765 834 2858 gitur
849 2763 960 2835 venire
983 2759 1249 2856 presumserimus
1266 2765 1302 2852 'et
1325 2755 1457 2827 minime
1479 2755 1761 2850 adimpleverimus
1783 2757 1844 2829 hec
1866 2760 1974 2830 omnia
1999 2763 2162 2837 nominata

744 2913 803 2985 per
827 2887 971 2982 quolibet
993 2873 1127 2958 modum
1150 2895 1206 2956 aut
1229 2884 1406 2964 summissis
1429 2867 1580 2977 personis
1598 2890 1673 2954 tuno
1697 2885 1921 2978 componimus
1953 2885 2014 2958 tibi
2036 2887 2164 2984 tuisque

744 3009 916 3083 heredibus
940 3008 1012 3078 auri
1034 3007 1152 3079 solidos
1175 3007 1290 3101 uiginti
1313 3013 1466 3102 quattuor
1496 3005 1676 3100 bytianteos
1699 3015 1732 3078 et
1754 3007 1815 3078 bec
1838 3007 1983 3080 chartula
2008 3023 2162 3085 comata-

745 3134 842 3208 tionis
865 3142 902 3205 nt
925 3131 1162 3228 supertegitur
1184 3131 1226 3201 sit
1249 3132 1354 3200 firma.
1381 3129 1498 3222 scripta
1531 3151 1590 3222 per
1612 3150 1726 3201 manus
1749 3133 1833 3226 petri
1856 3134 1986 3208 curialis
2021 3139 2160 3212 scribere

745 3270 877 3354 rogatus
899 3284 959 3354 per
981 3259 1154 3330 indictione
1177 3256 1340 3326 nominata
1363 3257 1582 3328 tertiadecima
1605 3254 1637 3351 †
2146 3279 2150 3292 ·

838 3381 901 3452 hoc
924 3381 1053 3474 signum
1076 3375 1107 3472 †
1131 3401 1245 3450 manus
1277 3379 1440 3450 nominate
1468 3379 1569 3451 marie
1593 3379 1726 3453 honeste
1749 3384 1868 3457 icmins
1891 3388 1980 3480 quod
2004 3409 2066 3482 ego
2101 3391 2160 3486 qui

742 3507 922 3581 nominatos
945 3527 1004 3598 pro
1028 3527 1066 3574 ea
1089 3502 1261 3598 subscripsi
1283 3500 1315 3597 †
1337 3503 1466 3597 signum
1490 3500 1520 3596 †
1542 3525 1656 3576 manus
1679 3507 1834 3579 nominati
1856 3509 1942 3581 leoni
1958 3513 2016 3606 qui
2039 3513 2074 3584 in
2100 3537 2160 3586 anc

743 3633 887 3706 chartula
910 3655 971 3726 pro
994 3609 1340 3726 occupatione-mortis
1363 3631 1511 3702 manibus
1529 3631 1597 3704 suis
1619 3633 1817 3708 subscribere
1840 3636 1973 3710 minime
1997 3627 2179 3712 concurrit

744 3781 784 3831 eo
806 3759 897 3856 quod
920 3757 1101 3829 nominatos
1123 3779 1184 3849 pro
1207 3781 1283 3828 eum
1293 3755 1480 3874 Qripsi
1503 3754 1535 3850 †

833 3877 976 3972 †uro
999 3883 1268 3946 rrurorrorc
1291 3885 1401 3944 coru
1424 3870 1456 3964 †

833 3995 865 4088 †
888 4004 977 4066 nro
992 4000 1192 4064 narrosc
1216 4000 1391 4092 orarorc
1417 3971 1478 4064 K‘n
1504 4000 1725 4068 anserico
1741 4004 2009 4077 rorarorca
2029 3985 2158 4082 aar]

740 4124 969 4192 marcenae
992 4123 1117 4187 reem
1149 4096 1259 4187 coiis
1283 4112 1338 4209 †-
2096 4201 2103 4217 ,

833 4243 975 4339 †nr0
1007 4246 1213 4314 carnoso
1247 4248 1421 4316 cruore
1455 4218 1518 4314 [ᾗ
1539 4251 1702 4320 musra
1737 4219 1832 4320 fiis
1865 4257 2092 4327 rorarorc
2126 4261 2157 4328 a

740 4347 855 4440 scm*
876 4369 1082 4437 narseus
1116 4368 1239 4434 unsar
1262 4342 1372 4438 eoas
1395 4361 1427 4458 †

832 4483 865 4578 †
886 4491 975 4556 nro
996 4489 1265 4598 rosfflrrorc
1288 4494 1462 4562 omroac
1483 4464 1547 4563 ἴῃ
1574 4497 1716 4566 axum
1742 4499 2010 4570 norinorcn
2026 4477 2155 4574 c'd'r'ii

738 4581 882 4684 arsam
904 4614 1028 4682 rscrr
1050 4617 1158 4682 coss
1181 4607 1212 4704 †

832 4736 865 4830 †
886 4737 957 4830 Ego
974 4745 1098 4960 petrus
1130 4739 1267 4814 Coriolis
1288 4741 1444 4840 Conpleri
1478 4751 1512 4816 et
1545 4745 1668 4820 absolu
1696 4769 1756 4842 pro
1777 4745 1955 4822 indictione
1988 4753 2154 4829 nominata

738 4863 952 4940 tertiadecima
