4876 6532
918 653 930 745 t
957 663 999 724 ⁷⁹
1024 659 1038 752 l

271 835 335 884 non
359 809 513 906 querelis.
548 809 770 882 tantummodo
798 831 860 904 ego
884 817 917 882 et
944 811 1078 884 heredes
1108 815 1188 887 meis
1220 819 1312 888 robis
1341 824 1541 920 posterisque
1574 830 1688 900 vestris
1751 787 1757 800 .

271 942 387 1014 exinde
411 940 502 1012 omni
526 963 635 1011 annuo
659 938 847 1010 terraticum
881 939 956 1009 dare
990 939 1161 1013 debeamus
1191 945 1334 1017 triticum
1361 948 1485 1020 bonnm
1508 963 1541 1024 et
1563 955 1684 1028 siccum

272 1069 396 1140 modias
420 1069 575 1141 tredecim
597 1076 736 1140 tractum
759 1078 793 1140 et
814 1074 1035 1140 mensuratum
1058 1070 1144 1140 intus
1166 1071 1334 1142 nominato
1357 1083 1465 1146 restro
1491 1082 1685 1154 monasterio

274 1209 306 1268 at
328 1197 475 1269 modium
498 1195 622 1268 iustum
645 1189 692 1269 do*
715 1191 982 1270 commedendum
1016 1197 1136 1292 absque
1165 1197 1255 1268 omni
1286 1207 1392 1270 vestra
1422 1205 1683 1278 ammaricatione

272 1323 359 1394 nulla
376 1323 467 1394 vobis
479 1322 641 1396 mittentes
656 1323 904 1396 hoccansionem
919 1343 1089 1418 quousque
1100 1332 1313 1395 memoratum
1327 1327 1441 1396 vinum
1456 1347 1552 1397 ornas
1575 1329 1688 1402 decem

274 1449 317 1520 ibi
339 1473 406 1521 non
428 1451 612 1522 fecerimus.
639 1459 672 1522 et
694 1461 853 1550 quantum
878 1449 1010 1522 domino
1034 1449 1095 1519 deo
1118 1450 1276 1543 placueris
1291 1461 1324 1522 et
1338 1450 1373 1520 in
1389 1461 1579 1526 memoratas
1600 1479 1679 1550 qna·

273 1583 346 1644 tuor
369 1585 472 1644 terras
495 1574 666 1646 fecerimus
689 1590 906 1647 memoratum
930 1573 1043 1646 vinum
1075 1596 1169 1645 ornas
1198 1576 1309 1647 decem
1332 1601 1351 1644 a
1376 1587 1452 1646 ωηο
1476 1579 1585 1650 omnia
1616 1605 1682 1676 qne

271 1695 306 1766 in
330 1707 548 1768 memoratum
571 1697 708 1768 fundum
730 1707 763 1770 et
786 1698 822 1769 in
843 1707 1037 1770 memoratas
1062 1705 1201 1793 quatuor
1222 1707 1325 1769 terras
1348 1708 1381 1768 et
1394 1698 1430 1768 in
1446 1699 1594 1772 mbustus
1615 1705 1684 1776 eius

272 1825 362 1896 omni
386 1848 494 1897 annuo
518 1828 596 1898 deus
620 1827 744 1898 dederit
766 1849 825 1920 per
848 1849 904 1896 sex
929 1826 1040 1899 uncias
1055 1826 1140 1897 inter
1155 1825 1247 1896 nobis
1264 1825 1407 1898 dividere
1434 1827 1609 1900 debeamus
1628 1853 1687 1903 ros

272 1965 305 2026 et
327 1953 464 2046 posteris
488 1953 603 2026 vestris
625 1953 741 2025 exinde
764 1953 946 2046 percipiatis
969 1953 1139 2024 medietate
1163 1961 1196 2023 et
1211 1975 1272 2046 ego
1288 1963 1320 2024 et
1343 1955 1477 2026 heredes
1500 1956 1565 2026 mei
1588 1951 1685 2026 simi-'-

270 2079 345 2150 liter
368 2081 430 2152 alia
453 2081 622 2151 medietate
645 2089 782 2173 excepto
806 2081 847 2151 de
869 2079 1004 2151 mileum
1027 2086 1059 2150 et
1082 2078 1201 2150 fasiolis
1225 2081 1426 2174 perficiamus
1450 2108 1469 2152 a
1493 2093 1569 2154 tunc
1599 2083 1683 2154 inter

271 2202 365 2276 nobis
387 2202 483 2274 sicuti
506 2203 620 2274 ceteris
642 2203 829 2278 bominibus
862 2204 903 2276 de
924 2211 1109 2276 memorato
1132 2205 1205 2275 loco
1229 2228 1305 2277 cum
1328 2207 1535 2299 portionariis
1559 2207 1626 2279 suis
1649 2219 1682 2280 et

272 2355 292 2400 a
314 2339 391 2400 ωηο
414 2337 570 2399 sementes
593 2337 626 2400 et
648 2331 813 2400 mercedes
836 2331 876 2401 de
900 2331 1065 2422 operarios
1088 2337 1121 2399 at
1144 2341 1265 2402 metere
1289 2339 1322 2403 et
1345 2331 1496 2404 triturare
1519 2356 1683 2429 quamque

272 2467 305 2528 at
327 2455 549 2528 uindemniare
573 2455 613 2528 de
637 2456 854 2526 communiter
876 2455 967 2525 omni
991 2479 1099 2528 annuo
1123 2457 1236 2529 demus
1263 2468 1295 2529 et
1318 2459 1512 2553 pargiemus.
1544 2472 1681 2556 excepto

272 2607 336 2658 una
358 2606 493 2678 persona
519 2585 559 2656 de
581 2605 640 2654 nos
664 2605 730 2678 que
754 2606 820 2654 non
843 2583 959 2655 exinde
983 2584 1168 2678 pargiemus
1190 2594 1223 2657 et
1247 2609 1266 2656 a
1290 2593 1365 2655 ωηο
1382 2586 1422 2658 de
1445 2587 1594 2680 portione
1618 2613 1683 2659 ve-

272 2719 337 2780 stra
360 2733 403 2780 ex
425 2709 532 2804 ipsum
556 2708 668 2781 vinum
692 2707 782 2778 omni
804 2729 913 2777 annun
937 2707 1030 2779 vobis
1054 2708 1254 2802 proterisque
1279 2711 1394 2780 vestris
1419 2705 1536 2782 exinde
1559 2711 1688 2782 trahere

273 2833 445 2905 debeamus
469 2833 620 2904 tractoria
642 2855 708 2904 una
730 2831 900 2902 carraricia
924 2829 1024 2924 gratis
1048 2829 1134 2901 intus
1150 2841 1330 2901 memorato
1347 2841 1455 2903 vestro
1477 2834 1687 2905 monasterio.
1808 2913 1810 2920 y

271 2959 435 3051 reliquum
460 2967 568 3029 nutem
591 2957 705 3028 vinum
731 2980 773 3026 ex
797 2954 865 3048 ipsu
888 2954 1035 3048 portione
1066 2963 1170 3026 vestra
1199 2977 1260 3025 ros
1289 2955 1383 3025 vobis
1415 2957 1538 3026 faciatis
1567 2959 1684 3029 exinde

273 3085 399 3157 trahere
421 3094 529 3178 preter
552 3087 642 3153 omni
666 3104 774 3152 annuo
796 3081 891 3152 vobis
915 3105 991 3153 eum
1013 3081 1203 3152 conserbare
1228 3081 1401 3155 debeamus
1417 3081 1451 3150 in
1468 3103 1607 3174 organea
1621 3105 1690 3153 no-

272 3219 336 3278 stra
359 3207 425 3279 dies
449 3217 601 3301 quatuor.
626 3207 759 3298 lnsuper
782 3203 930 3297 portione
952 3215 1059 3275 restra
1093 3227 1136 3274 ex
1160 3204 1268 3296 ipsum
1300 3227 1413 3276 omnes
1438 3205 1543 3276 victus
1568 3231 1587 3275 a
1611 3215 1689 3277 ωηο

273 3357 333 3428 ego
357 3345 389 3405 et
411 3333 546 3405 heredes
568 3333 649 3404 meis
672 3331 764 3403 vobis
787 3332 987 3426 posterisque
1021 3332 1134 3403 restris
1163 3331 1253 3400 omni
1276 3353 1384 3402 annuo
1416 3333 1532 3404 exinde
1556 3332 1685 3403 trahere

273 3463 444 3536 debeamus
467 3461 565 3554 gratis
590 3483 691 3554 usque
714 3461 801 3532 intus
825 3460 939 3532 eodem
962 3466 1070 3530 veno
1090 3457 1284 3530 monasterio
1307 3466 1340 3528 et
1357 3483 1375 3526 a
1390 3467 1468 3528 tunc
1491 3460 1687 3554 quandoque

223 3671 228 3682 ⁸
273 3599 416 3683 tempore
440 3589 560 3658 ibidem
583 3597 616 3656 at
639 3587 893 3678 recolligendum
927 3584 1108 3656 direxeritis
1142 3585 1222 3655 duas
1245 3605 1397 3676 personas
1421 3583 1514 3655 vobis
1544 3586 1687 3656 enutrire

273 3717 445 3790 debeamus
467 3724 504 3786 ut
527 3715 650 3784 iustum
673 3714 789 3782 fueriti
815 3713 864 3780 De
879 3719 988 3782 autem
1011 3719 1187 3782 memorate
1210 3709 1407 3780 nominatibe
1430 3710 1493 3782 alie
1507 3723 1581 3781 octo
1598 3723 1683 3783 terre

273 3840 359 3912 stetit
381 3839 475 3909 nobis
499 3847 532 3908 et
554 3838 718 3908 firmamus
742 3843 780 3904 nt
803 3858 821 3902 a
844 3843 922 3902 tunc
945 3854 1007 3925 ego
1030 3830 1217 3905 etheredus
1241 3831 1321 3902 meis
1345 3832 1435 3903 omni
1459 3856 1567 3903 annuo
1590 3856 1687 3926 super

272 3985 330 4035 nos
353 3986 407 4036 eas
430 3960 572 4055 srugiare
597 3958 780 4030 debeamus.
807 3956 1030 4026 tantummodo
1053 3954 1146 4028 vobis
1162 3956 1363 4049 posterisque
1386 3958 1501 4028 vetris
1518 3959 1607 4028 omni
1624 3981 1686 4030 an·

272 4109 339 4158 nno
372 4085 489 4156 exinde
521 4079 710 4153 terraticum
744 4081 820 4152 dare
857 4077 1030 4151 debeamus
1060 4089 1218 4174 quantum
1242 4102 1284 4150 ex
1307 4079 1375 4172 ipsa
1399 4079 1547 4153 tridecim
1580 4085 1687 4156 modia

274 4211 390 4282 exinde
419 4231 476 4302 per
503 4205 693 4276 ratiocineas
726 4203 869 4296 tetigeris
900 4203 996 4276 dandi
1028 4203 1148 4274 iterum
1179 4202 1303 4274 bonum
1332 4213 1371 4280 et,
1392 4203 1514 4275 siccum
1538 4206 1688 4301 triticum

273 4343 411 4408 tractum
435 4344 468 4406 et
489 4339 709 4406 mensuratum
732 4328 819 4402 intus
842 4329 957 4402 eodem
980 4339 1089 4402 vestro
1112 4329 1307 4402 monasterio
1331 4329 1372 4400 de
1396 4333 1543 4404 modium
1566 4331 1688 4406 iustum

275 4460 315 4532 de
338 4459 617 4532 commedendum.
644 4464 677 4527 et
697 4454 879 4526 nullatenus
901 4453 1126 4547 presummetis
1148 4476 1208 4526 vos
1232 4460 1288 4526 ant
1310 4455 1446 4547 posteris
1469 4459 1583 4530 restris
1610 4482 1688 4530 me·

275 4596 436 4658 moratum
460 4587 597 4656 fundum
630 4605 705 4653 cnm
739 4589 931 4652 memoratas
966 4579 1136 4684 duodecim
1167 4589 1268 4650 terras
1292 4603 1336 4650 ex
1359 4603 1400 4650 eo
1432 4583 1627 4676 pertinentes
1650 4597 1688 4658 ut

275 4737 371 4810 super
393 4713 512 4806 legitur
534 4711 615 4782 mild
639 4711 783 4803 meisque
807 4706 978 4778 heredibus
1002 4706 1114 4778 tollere
1142 4730 1201 4800 per
1224 4706 1350 4780 nullum
1380 4701 1516 4782 niodum
1541 4734 1601 4782 nec
1624 4736 1686 4807 per

275 4835 454 4911 mminissis
489 4833 633 4930 personis
657 4855 715 4904 nos
739 4833 820 4902 bene
856 4831 1037 4902 laverantes
1061 4839 1094 4902 et
1117 4831 1323 4925 adimplentes
1356 4836 1464 4905 omnia
1496 4849 1685 4911 memorata.

277 4963 361 5049 Quia
384 4963 429 5036 ita
452 4961 546 5034 nobis
571 4959 774 5054 complacui:
794 4960 829 5031 Si
845 4971 954 5032 antem
977 4983 1040 5055 ego
1064 4967 1120 5032 aut
1143 4959 1277 5034 heredes
1303 4960 1384 5034 meis
1410 4962 1526 5057 quovis
1544 4974 1688 5061 tempore
