4854 6528
1362 618 1508 714 (aaa)

1364 903 1518 978 CXXVII.

612 1194 666 1243 an.
828 1168 858 1264 †
880 1171 918 1240 ln
940 1167 1073 1240 nomino
1095 1164 1220 1238 domini
1243 1164 1298 1238 dei
1318 1159 1487 1234 salvatoris
1510 1157 1617 1230 nostri
1637 1155 1735 1230 lhesu
1758 1153 1880 1226 Christi
1895 1153 2079 1248 Imperauto
2093 1157 2159 1230 do-

590 1301 676 1368 sot.
734 1298 824 1372 mino
847 1307 960 1370 nostro
981 1295 1095 1368 basilio
1119 1315 1237 1388 magno
1259 1293 1456 1385 Imperatore
1472 1269 1557 1359 anno
1572 1287 1699 1368 oetabo.
1715 1285 1772 1358 sed
1786 1293 1821 1356 et
1835 1283 2007 1378 nicipboro
2023 1295 2057 1358 et
2070 1309 2156 1358 oon·

732 1423 872 1524 stpntino
894 1421 1019 1514 magnis
1040 1415 1289 1510 imperatoribus
1311 1435 1397 1484 anuo
1412 1411 1527 1507 quinto
1542 1411 1594 1482 die
1610 1409 1763 1481 vicesima
1780 1407 1894 1504 quinta
1909 1408 2027 1482 mensis
2043 1409 2153 1506 aprilis

731 1549 906 1622 indictione
928 1533 1098 1615 undecima
1120 1540 1258 1634 neapoli.
1280 1541 1413 1614 Certum
1436 1546 1485 1611 est
1507 1563 1560 1610 me
1588 1537 1673 1612 mari
1703 1536 1808 1609 tilium
1829 1536 1996 1632 quondam
2019 1535 2155 1608 iobanni

733 1677 816 1750 mari
852 1677 1075 1744 commanente
1109 1677 1219 1740 autem
1241 1668 1277 1740 in
1298 1667 1373 1739 loeo
1397 1667 1458 1764 qui
1492 1677 1627 1740 vocatur
1653 1666 1817 1738 koranum
1843 1662 2008 1735 territorio
2038 1664 2149 1759 eymi-

731 1803 858 1872 tirense.
876 1798 906 1868 A
922 1795 1062 1890 presenti
1076 1794 1130 1866 die
1143 1793 1362 1888 promtissima
1385 1794 1553 1866 voluntate
1575 1791 1730 1887 promitto
1752 1789 1845 1863 vobis
1868 1791 2000 1863 domino
2014 1791 2146 1864 iohanni

730 1921 905 1998 venerabili
915 1921 1070 2014 igumeno
1085 1917 1271 1989 monasterii
1285 1926 1471 1988 sanctorum
1486 1919 1586 2012 sergii
1600 1927 1634 1989 et
1644 1913 1754 1986 baschi
1769 1915 1829 2010 qui
1838 1939 1925 1987 nuno
1940 1925 2153 2010 congregatos

730 2057 777 2120 ost
799 2047 834 2118 in
857 2043 1053 2116 monasterio
1076 2049 1262 2114 sanctorum
1283 2039 1434 2112 theodori
1456 2049 1490 2112 et
1512 2041 1682 2112 sebastiani
1705 2042 1764 2136 qui
1786 2043 1965 2136 appellatur
1996 2041 2154 2134 oesapiota

730 2173 829 2247 situm
851 2172 886 2242 in
910 2167 1066 2240 viridario
1094 2181 1222 2260 propter
1256 2167 1380 2260 intepro
1414 2191 1482 2240 ooo
1512 2175 1598 2240 terra
1621 2175 1728 2240 vestra
1750 2166 1832 2238 iuris
1855 2166 2026 2240 memorati
2053 2166 2153 2238 saneti

731 2312 765 2374 et
787 2297 978 2373 venerabilis
1001 2297 1101 2369 vestri
1123 2295 1310 2368 monasterii
1333 2295 1393 2390 qui
1415 2303 1552 2368 vocatur
1574 2307 1608 2367 et
1630 2294 1762 2388 ponitur
1785 2294 1821 2366 in
1842 2295 1946 2366 casale
1970 2295 2070 2390 ipsius
2092 2316 2150 2389 oy·

731 2427 895 2502 mitirense
919 2423 1083 2496 territorio
1106 2447 1171 2494 una
1194 2443 1272 2493 oum
1294 2423 1465 2496 arvoribus
1488 2432 1521 2496 et
1543 2421 1639 2498 olibis
1660 2423 1759 2494 simul
1782 2445 1858 2497 oum
1872 2423 2045 2494 introitum
2065 2443 2155 2492 soom

731 2553 929 2644 omarbupoe
952 2551 1014 2620 sivi
1029 2549 1262 2644 pertinentibus
1277 2551 1335 2646 qui
1351 2553 1386 2622 in
1400 2558 1580 2623 memorato
1601 2559 1711 2624 vestro
1726 2549 1919 2624 monasterio
1940 2549 2074 2622 obvenit
2096 2570 2154 2642 per

730 2679 909 2756 chartulam
925 2677 1102 2748 offertionis
1118 2702 1136 2748 a
1153 2679 1286 2772 quidem
1301 2679 1486 2772 sadelperga
1499 2677 1643 2750 exadelta
1659 2702 1731 2750 mea
1748 2679 1813 2748 filia
1828 2673 2154 2772 quondam'stepboni
2290 2691 2293 2696 ·

730 2807 841 2880 rebeta
865 2805 1030 2901 quondam
1045 2805 1191 2877 oimmini
1214 2805 1254 2877 de
1277 2806 1466 2882 cimianum.
1491 2805 1671 2878 Coberente
1693 2805 1756 2876 sivi
1769 2804 1835 2874 bab
1858 2825 1926 2874 uno
1948 2803 2048 2878 latere
2065 2816 2154 2900 parte

732 2933 889 3007 borientis
912 2943 998 3006 terra
1020 2933 1060 3006 da
1083 2933 1131 3004 illi
1153 2933 1338 3006 scarioelati.
1363 2942 1452 3006 etex
1476 2931 1540 3004 alio
1559 2933 1658 3004 lutere
1681 2939 1771 3027 parto
1793 2930 1991 3006 booeidentis
2014 2935 2068 3008 via
2084 2958 2152 3029 pu·

732 3059 824 3132 blioi.
850 3059 891 3130 de
913 3081 980 3130 uno
1013 3057 1117 3151 eapite
1140 3067 1231 3151 porte
1258 3056 1495 3154 septemtrionis
1527 3066 1611 3126 torro
1641 3055 1800 3128 heredum
1832 3057 1997 3150 quondam
2032 3061 2155 3132 domini

732 3183 832 3277 sergii
854 3181 976 3254 tribuni
990 3193 1023 3253 et
1038 3191 1125 3254 terra
1147 3205 1190 3253 ex
1212 3179 1274 3276 ipsi
1297 3181 1483 3252 scaricolati.
1499 3181 1540 3252 do
1554 3181 1618 3252 aiio
1634 3181 1737 3273 eapite
1752 3190 1842 3273 parte
1865 3183 2043 3256 meridiana
2056 3205 2151 3256 mm·

732 3329 812 3402 pum
835 3307 916 3380 iuris
937 3307 1109 3378 memorati
1131 3306 1233 3378 sancti
1248 3312 1281 3378 et
1296 3305 1487 3378 venerabilis
1502 3303 1601 3376 vestri
1623 3305 1809 3376 monasterii
1824 3327 1924 3400 quem
1941 3309 2032 3381 vobis
2048 3331 2154 3382 roser·

733 3433 842 3506 bastis.
868 3459 933 3529 que
955 3435 1035 3506 bero
1057 3443 1237 3506 memorata
1260 3443 1344 3506 terra
1368 3443 1473 3506 vestra
1496 3433 1710 3528 omnibusque
1725 3434 1787 3506 sivi
1806 3435 2037 3529 pertinentibus
2059 3459 2149 3532 qua-

733 3562 807 3634 liter
830 3574 1023 3634 memoratas
1046 3560 1246 3632 cohaerentias
1268 3559 1467 3632 circumdans
1491 3559 1620 3632 dedistis
1643 3561 1725 3632 mibi
1746 3561 1889 3658 meisque
1916 3563 2089 3636 heredibus
2114 3567 2149 3638 in

732 3691 863 3786 colligio
887 3693 928 3763 ad
963 3689 1175 3763 lavorandum
1198 3697 1231 3758 et
1262 3687 1469 3760 detinendum
1491 3685 1535 3758 ba
1572 3709 1657 3758 nune
1680 3697 1713 3759 et
1743 3691 1893 3762 omnibus
1921 3691 1986 3764 vite
2021 3713 2148 3766 memo-

732 3825 801 3888 rata
825 3817 1012 3910 sadelperge
1034 3813 1179 3887 exadelio
1203 3837 1290 3886 mee:
1323 3815 1362 3883 ln
1391 3835 1432 3884 eo
1456 3813 1545 3886 enim
1568 3821 1680 3886 tenena
1702 3821 1740 3884 ut
1762 3837 1824 3908 ego
1853 3825 1886 3888 ot
1908 3815 2041 3890 horodes
2069 3820 2150 3890 meis

733 3963 772 4010 ea
796 3940 886 4008 omni
910 3963 1017 4010 annuo
1041 3951 1117 4032 apto
1140 3949 1285 4032 tempore
1320 3937 1434 4010 subtus
1456 3945 1489 4010 et
1510 3963 1608 4033 super
1634 3939 1726 4012 bene-
1745 3939 1913 4034 diligenter
1946 3941 2094 4016 lavorare
2117 3953 2150 4014 et

733 4063 898 4135 exseolere
921 4085 978 4133 seu
1001 4072 1034 4134 ot
1056 4065 1225 4135 meliorem
1248 4065 1372 4138 cultum
1395 4064 1571 4157 perducere
1601 4064 1821 4157 promittimur
1845 4065 1880 4136 in
1903 4065 2054 4137 omnibus
2079 4091 2155 4142 eum

735 4189 836 4261 vobes
858 4198 986 4260 nostros
1000 4198 1033 4260 et
1048 4191 1243 4264 oonoiaurria
1265 4215 1322 4262 seu
1338 4190 1502 4284 operarios
1525 4197 1557 4260 et
1580 4198 1684 4260 sumto
1706 4189 1758 4261 vel
1781 4193 1890 4264 omnia
1906 4216 2060 4289 exspensa
2073 4217 2155 4266 eau-

736 4315 912 4385 eumminas
935 4323 968 4384 et
991 4315 1072 4386 vites
1095 4317 1153 4388 ubi
1175 4336 1340 4387 necessum
1362 4311 1460 4382 suerit
1483 4311 1572 4381 omni
1597 4335 1705 4383 annuo
1730 4313 1849 4384 ibidem
1872 4339 1993 4408 ponere
2018 4329 2051 4390 et
2067 4319 2156 4413 plan·

736 4447 804 4510 tore
836 4438 1007 4511 debeamus
1034 4461 1197 4535 quamquo
1225 4445 1338 4530 potare
1361 4445 1394 4506 et
1427 4435 1640 4530 propaginare
1675 4449 1707 4508 et
1735 4437 1890 4510 alvaeiare
1922 4441 2032 4512 omnia
2055 4462 2092 4514 et
2122 4443 2156 4512 in

736 4563 886 4633 omnibus
909 4586 967 4634 nos
990 4563 1036 4634 ibi
1060 4584 1213 4658 peragere
1247 4561 1432 4633 debeamus.
1458 4568 1491 4632 ot
1513 4561 1554 4632 do'
1586 4559 1698 4632 subtus
1734 4584 1831 4656 super
1853 4583 1912 4634 nos
1946 4585 1985 4634 ea
2013 4563 2156 4659 frugium

737 4687 909 4760 debeamus
932 4691 1044 4762 vinum
1072 4710 1151 4760 vero
1185 4685 1342 4761 mundum
1366 4696 1399 4762 et
1428 4709 1623 4781 saoeepanna
1651 4707 1709 4758 seu
1732 4687 1841 4758 oleum
1873 4695 2031 4782 quantum
2065 4689 2155 4760 omni

737 4843 845 4894 annuo
868 4823 914 4892 ibi
938 4824 1016 4894 deus
1041 4819 1168 4893 dederit
1191 4844 1267 4892 cunr
1299 4827 1476 4891 memorata
1503 4819 1689 4911 sadelperga
1712 4817 1792 4888 illud
1815 4817 1958 4890 dividere
1982 4816 2154 4889 debeamus

735 4971 793 5042 per
815 4972 873 5022 sex
896 4949 1005 5021 uncias
1027 4971 1086 5018 nos
1109 4947 1225 5019 exinde
1259 4949 1471 5042 percipiamus
1506 4945 1674 5019 medietate
1697 4953 1731 5015 et
1763 4953 1940 5017 memorata
1970 4944 2156 5040 sadelperga
