4854 6528
882 689 1027 783 (aaa)

899 975 1006 1044 CLlll.

338 1237 431 1332 †ln
455 1237 585 1308 nomine
609 1232 732 1306 domini
756 1233 808 1304 dei
831 1227 997 1304 salvatoris
1021 1227 1122 1302 nostri
1147 1228 1241 1301 lhesu
1266 1230 1384 1303 Christi
1408 1235 1586 1326 lmperante
1609 1244 1667 1311 do
1734 1275 1792 1320 an.

245 1365 335 1436 mino
361 1371 471 1433 nostro
501 1359 615 1431 basilio
638 1379 758 1450 magno
781 1357 975 1450 Imperatore
999 1377 1082 1424 anno
1105 1356 1201 1425 tortio
1225 1358 1352 1428 decimo
1379 1360 1435 1430 sed
1459 1373 1491 1432 et
1514 1377 1665 1436 constan-
1719 1385 1804 1444 973.

245 1493 316 1564 tino
342 1493 440 1564 irater
464 1487 534 1560 eius
557 1509 676 1578 magno
700 1486 895 1578 Imperatore
918 1505 1004 1552 anno
1028 1482 1164 1552 decimo.
1189 1484 1245 1553 sed
1260 1493 1292 1554 et
1309 1485 1447 1560 iohanne
1462 1513 1580 1584 magno
1595 1495 1668 1564 Im-

247 1629 396 1715 peratore
421 1638 505 1686 anno
529 1613 646 1685 tertio:
683 1613 735 1684 die
770 1607 883 1680 acuta
916 1606 1033 1680 mensis
1057 1607 1165 1678 martii
1188 1608 1364 1683 indictione
1387 1613 1491 1706 prima
1516 1621 1663 1712 neapoli:

246 1746 379 1818 Certum
416 1754 464 1816 est
495 1763 548 1812 me
583 1738 655 1810 Kali
687 1737 821 1810 honesta
853 1735 972 1810 semina
1006 1735 1072 1806 filia
1099 1737 1261 1830 quondam
1294 1739 1418 1812 domini
1451 1740 1608 1820 iohannis.
1636 1763 1668 1820 et

246 1865 412 1966 qnondam
448 1867 578 1940 domina
614 1863 837 1936 theodonanda
869 1863 1003 1934 honesta
1027 1861 1146 1934 semina
1168 1863 1329 1956 iugalibus
1353 1887 1561 1960 personarum
1591 1897 1666 1944 cum

249 2019 409 2071 consensu
440 1996 562 2068 domini
595 1993 693 2087 sergii
716 1992 780 2066 riri
815 1991 904 2065 mei:
944 2001 979 2062 et
1009 2015 1084 2062 cum
1113 2015 1268 2066 consensu
1292 2003 1325 2067 et
1349 1997 1513 2070 voluntate
1537 2000 1666 2074 domine

247 2123 349 2194 maria
383 2122 517 2196 honesta
551 2121 670 2196 lomina
694 2143 847 2216 gemiane
880 2139 953 2190 mea
980 2126 1013 2189 et
1037 2131 1212 2194 memorata
1236 2119 1366 2192 domina
1389 2125 1489 2194 maria
1513 2147 1665 2218 germana

247 2273 320 2324 mea
345 2273 421 2320 cum
446 2249 609 2320 voluntate
626 2248 749 2319 domini
764 2245 848 2342 petri
863 2246 927 2318 viri
941 2246 992 2318 sui
1007 2245 1157 2340 congnati
1172 2244 1252 2316 mei:
1281 2246 1309 2315 A
1325 2247 1463 2340 presenti
1479 2247 1531 2318 die
1546 2273 1666 2342 prom-

247 2375 371 2446 tissima
394 2373 558 2444 voluntate
581 2371 771 2444 Venundedi
801 2381 834 2440 et
864 2371 981 2442 tradidi
1012 2371 1069 2440 tibi
1100 2373 1252 2466 gregorio
1284 2373 1417 2446 ferrario
1441 2375 1508 2448 lilio
1534 2379 1666 2471 quidem

246 2499 333 2574 leoni
357 2497 483 2571 ferrarii
507 2496 713 2591 postmodum
737 2514 818 2565 vero
841 2495 1014 2564 monachi:
1039 2497 1131 2568 lDest
1154 2499 1279 2593 integra
1301 2521 1365 2570 una
1381 2500 1500 2593 petiola
1524 2502 1565 2574 de
1580 2512 1666 2572 terra

247 2653 321 2700 mea
346 2651 409 2722 que
432 2627 563 2720 ponitur
586 2625 621 2695 in
646 2644 798 2717 campum
823 2621 862 2692 de
886 2621 1018 2692 mianaz
1056 2625 1114 2718 qui
1147 2627 1276 2697 coheret
1309 2629 1372 2698 sivi
1409 2629 1449 2699 ab
1479 2650 1545 2700 uno
1568 2631 1666 2704 latete

247 2766 336 2826 terra
360 2752 516 2824 heredum
539 2749 682 2844 gregorii
705 2746 990 2844 papapulicinum:
1017 2757 1049 2818 et
1074 2749 1114 2818 de
1138 2749 1203 2820 alio
1226 2749 1323 2824 latere
1347 2753 1480 2824 coheret
1503 2765 1588 2826 terra
1613 2767 1668 2826 tua

246 2905 314 2974 que
337 2889 374 2949 tu
397 2887 607 2971 conparatum
639 2875 714 2947 abes
745 2877 785 2947 da
817 2897 884 2946 uno
908 2875 1012 2968 capite
1036 2883 1121 2944 terra
1145 2887 1329 2950 sanctorum
1351 2883 1546 2950 monasterio
1561 2893 1668 2953 sancte

245 3005 395 3102 patricia.
422 3015 454 3074 et
477 3005 517 3075 de
540 3002 605 3075 alio
628 3003 731 3098 capite
754 3013 841 3074 terra
864 3011 971 3074 sancte
978 3050 1229 3073 ...........
1258 3023 1323 3074 unu
1346 3025 1422 3074 cum
1447 3005 1615 3075 arboribus
1639 3015 1672 3077 et

246 3152 326 3203 eum
351 3129 518 3200 introitum
543 3149 639 3202 suum
674 3135 707 3198 et
728 3127 877 3200 omnihus
909 3127 972 3198 sivi
1006 3125 1264 3220 pertinentibus:
1301 3128 1481 3222 pertinente
1505 3129 1586 3201 mihi
1611 3152 1670 3222 per

245 3267 426 3329 memorata
451 3255 581 3328 domina
605 3253 828 3326 theodonauda
851 3253 1013 3346 genetrice
1036 3277 1116 3322 mea.
1137 3263 1170 3323 et
1185 3279 1204 3323 a
1219 3265 1397 3326 memorata
1421 3258 1582 3347 genetrice
1598 3281 1669 3328 mea

246 3386 381 3458 obvenit
403 3407 461 3479 per
484 3382 629 3455 chartula
651 3381 911 3456 commutationis
934 3379 1102 3452 menbrani
1125 3377 1242 3450 scribta
1277 3379 1317 3450 ab
1340 3379 1483 3471 aligerno
1498 3385 1669 3475 sapuoario

245 3515 317 3586 filio
336 3512 521 3586 christofori
544 3520 577 3584 et
600 3512 699 3583 drosu
721 3510 868 3606 iugales:
904 3517 937 3580 et
964 3535 981 3580 a
1006 3516 1186 3580 memorato
1209 3507 1353 3601 aligerno
1376 3517 1409 3580 et
1432 3519 1465 3580 at
1487 3511 1585 3581 drosu
1609 3511 1669 3582 iu-

246 3637 336 3734 gales
360 3637 492 3710 obvenit
516 3661 573 3731 per
596 3637 740 3708 chartula
765 3635 1012 3730 comparationis
1028 3635 1206 3706 membrani
1222 3633 1339 3706 scribta
1355 3659 1374 3704 a
1388 3637 1490 3708 maria
1506 3636 1571 3706 lilia
1585 3637 1669 3729 petri

245 3765 396 3859 primarii
420 3765 555 3835 deloco
578 3763 686 3833 misna
709 3761 926 3832 consentiente
950 3761 1188 3856 iohanquintho
1203 3761 1276 3832 uiro
1291 3785 1351 3834 suo
1366 3771 1399 3834 ct
1414 3785 1489 3834 cum
1513 3787 1669 3835 consensu

245 3913 343 3964 muru
367 3910 519 3981 germana
542 3910 609 3958 sua.
633 3897 666 3956 et
688 3885 756 3978 ipsu
779 3908 872 3956 maru
896 3909 971 3957 cum
995 3909 1151 3959 consensu
1174 3890 1242 3960 ursi
1258 3889 1320 3964 tiri
1337 3891 1398 3962 sui.
1422 3892 1462 3962 de
1486 3901 1666 3962 memorato

245 4022 321 4091 loco
345 4018 477 4089 ruiana:
516 4039 580 4112 que
613 4023 645 4088 et
669 4014 738 4108 ipse
762 4012 856 4087 ambs
888 4015 1034 4087 chartule
1058 4015 1115 4085 tibi
1139 4015 1174 4086 in
1197 4020 1336 4110 presenti
1362 4019 1434 4090 dedi
1460 4041 1535 4088 cum
1560 4017 1667 4090 omnia

245 4171 313 4245 que
336 4146 493 4218 continet:
518 4147 610 4218 Unde
633 4141 715 4216 nihil
729 4141 812 4215 mihi
835 4143 923 4214 intus
945 4152 1138 4214 memoratas
1161 4145 1389 4239 quoherentias
1404 4146 1521 4218 exinde
1537 4145 1669 4242 aliquod

246 4275 402 4348 remansit
425 4285 481 4344 aut
504 4271 665 4344 reserbavi
688 4270 805 4340 necin
828 4267 963 4340 alienam
988 4270 1167 4364 cuiusque:
1194 4293 1327 4364 persona
1353 4271 1441 4366 quod
1466 4271 1547 4342 absit
1570 4295 1668 4344 com-

246 4399 337 4472 misit
360 4408 415 4470 aut
438 4399 503 4469 iam
527 4399 699 4470 commicto
723 4403 903 4490 potestate:
931 4403 963 4466 et
986 4420 1005 4465 a
1029 4397 1168 4488 presenti
1192 4397 1244 4466 die
1267 4407 1299 4467 et
1323 4397 1472 4488 deinceps
1498 4421 1516 4464 a
1539 4422 1593 4468 me
1611 4399 1669 4470 tibi

253 4526 321 4598 sint
344 4523 569 4594 venundatum
593 4533 626 4593 et
649 4519 799 4590 traditum
814 4521 919 4589 intua
942 4518 1093 4612 tuisque:
1118 4517 1288 4588 heredibus
1303 4519 1365 4587 sim
1387 4527 1541 4612 potestate
1566 4521 1668 4616 quid-

247 4649 330 4746 quid
353 4647 469 4720 exinde
492 4650 596 4718 lacere
620 4643 797 4714 volueritis.
821 4654 853 4711 ct
876 4665 982 4736 neque
999 4667 1016 4711 a
1033 4663 1086 4712 me
1110 4649 1287 4712 memorata
1302 4641 1374 4714 llali
1391 4641 1524 4714 honesta
1547 4645 1667 4717 femina

247 4797 326 4848 eum
350 4795 507 4844 consensu
528 4770 699 4840 memorati
722 4767 843 4838 domini
866 4765 963 4859 sergii
987 4764 1050 4835 viri
1073 4763 1138 4834 mei
1162 4773 1195 4836 ct
1219 4789 1293 4836 cum
1310 4788 1464 4839 consensu
1489 4781 1667 4842 memorata

247 4904 352 4980 maria
376 4923 527 4998 germana
551 4919 623 4968 mea
646 4902 678 4963 ot
700 4905 877 4965 memorata
900 4917 1049 4987 germana
1074 4917 1146 4966 mea
1170 4917 1245 4967 cum
1269 4919 1424 4971 consemu
1440 4900 1596 4970 nominati
1613 4901 1668 4972 do·

248 5035 332 5112 mini
354 5033 438 5130 petri
460 5031 523 5106 viri
547 5029 598 5103 sui
621 5025 770 5122 congnati
794 5024 868 5098 mei.
893 5047 999 5120 neque
1023 5049 1042 5096 a
1066 5025 1148 5099 meis
1171 5026 1343 5100 heredibus
1366 5051 1460 5100 neca
1480 5028 1572 5101 nobis
1588 5052 1669 5125 per-
