4854 6528
1390 616 1544 710 (κιο)

754 787 904 862 omnibns
927 785 989 858 siri
1012 779 1244 879 pertinentibus
1267 785 1305 853 ct
1327 798 1424 874 snper
1447 776 1567 873 legitur
1594 775 1664 850 sinc
1698 774 1790 848 omni
1821 777 1991 850 minuitate
2014 779 2051 852 in
2075 789 2183 858 recma

755 911 978 1010 posterisque:
1013 905 1128 980 restris
1165 911 1412 1002 memoratoque
1444 910 1555 976 sancto
1587 909 1621 975 et
1648 899 1825 978 venerabili
1851 909 1961 975 restro
1984 910 2182 983 monasterio

758 1041 961 1113 cohortantur
983 1041 1139 1130 potestate
1162 1031 1255 1102 cuius
1277 1030 1350 1104 iuro
1373 1051 1441 1102 csse
1463 1028 1593 1103 videtur
1615 1052 1680 1102 nna
1709 1049 1786 1100 cum
1805 1047 1871 1100 une
1892 1048 1978 1130 cum·
1994 1053 2060 1104 nna
2083 1033 2185 1106 cinar-

758 1169 826 1242 tula
849 1190 914 1264 que
937 1187 996 1238 ros
1019 1159 1103 1234 mihi
1126 1159 1243 1232 exinde
1265 1157 1384 1232 fecistis
1407 1159 1469 1230 isto
1492 1157 1647 1252 preterito
1670 1154 1787 1252 aprilio
1807 1175 1940 1230 mense:
1975 1161 2057 1230 etsi
2083 1187 2102 1232 a
2127 1163 2185 1234 vi-

761 1297 850 1368 ribus
873 1301 906 1366 et
929 1287 1119 1362 mulieribus
1141 1289 1177 1358 in
1200 1291 1377 1356 memorata
1401 1281 1534 1354 ecclesia
1567 1281 1698 1377 aliquod
1726 1281 1880 1356 onsrtnn
1911 1283 2010 1356 fucrit
2031 1285 2060 1358 si
2083 1289 2181 1360 fucrit

763 1419 883 1494 movile
906 1417 942 1488 in
965 1439 1037 1488 moa
1060 1412 1102 1482 sit
1123 1415 1314 1504 potestatem
1345 1405 1505 1502 quidquid
1537 1407 1654 1480 cxindc
1684 1408 1791 1480 iacere
1821 1405 1958 1480 voluero
1982 1419 2015 1480 ct
2037 1410 2067 1482 si
2088 1411 2186 1484 inerit

762 1545 917 1622 inmovile
939 1550 1013 1636 post
1042 1558 1154 1610 meum
1184 1532 1355 1606 transitum
1386 1533 1630 1632 imposscssionc
1662 1544 1839 1610 memorate
1866 1534 1998 1610 ecclesie
2021 1561 2185 1615 romonem

761 1677 885 1750 debat.
912 1666 997 1752 Quia
1020 1664 1065 1738 ita
1087 1662 1182 1736 nobis
1204 1663 1396 1760 complacui.
1430 1661 1465 1734 Si
1490 1671 1599 1738 autem
1622 1687 1666 1738 er
1688 1663 1740 1737 his
1762 1663 1912 1740 omnibns
1937 1669 2122 1740 memoretis
2149 1679 2186 1740 nt

764 1818 861 1892 super
883 1792 1003 1887 iegitur
1026 1787 1119 1862 aliter
1134 1792 1242 1862 fecero
1257 1797 1290 1862 et
1307 1787 1441 1862 minime
1466 1788 1685 1886 adimplevero
1700 1790 1760 1864 hcc
1784 1791 1891 1864 omnia
1914 1803 2091 1868 memorata
2107 1803 2139 1864 et
2154 1792 2187 1864 in

764 1920 888 2019 aliquid
912 1919 1052 1992 offensus
1075 1917 1169 1990 fuero
1185 1939 1243 2012 per
1258 1915 1377 2011 quovis
1394 1915 1529 1990 modum
1543 1927 1601 1990 aut
1613 1917 1792 1992 nrmmicsis
1814 1940 1973 2014 personas.
1997 1929 2075 1992 tune
2091 1943 2187 1992 com-

762 2076 850 2149 pono
873 2048 966 2123 robis
990 2048 1202 2144 posterisque.
1229 2047 1345 2119 restris
1369 2045 1441 2119 auri
1464 2046 1583 2120 solidos
1606 2048 1738 2144 triginta
1756 2071 1815 2123 scr
1837 2049 2057 2145 bythiantecs:
2080 2059 2112 2122 et
2127 2051 2186 2124 hec

764 2177 913 2252 chartula
936 2175 1074 2272 qualiter
1098 2172 1239 2246 continet
1262 2173 1355 2246 firma
1378 2185 1585 2270 permaneat:
1608 2177 1728 2274 scripta
1751 2200 1808 2272 per
1830 2199 1945 2250 manns
1968 2175 2100 2248 iohanni
2122 2200 2189 2250 cu-

764 2306 863 2380 rialis.
886 2303 1026 2378 scribere
1048 2300 1164 2396 rogari
1186 2323 1244 2396 per
1267 2300 1442 2376 indictione
1466 2311 1645 2374 memorata
1667 2303 1904 2398 quintadecima
1927 2305 1959 2402 †

857 2429 889 2524 †
911 2453 974 2523 ego
997 2425 1168 2522 gregorius
1191 2425 1276 2498 filius
1299 2427 1425 2500 domini
1447 2427 1564 2500 manni
1585 2437 1718 2523 rogatus
1742 2453 1762 2500 a
1785 2427 2002 2522 suprascripto
2033 2427 2192 2522 gregorio
2331 2435 2336 2446 '

762 2553 940 2653 presbitero
962 2551 1037 2626 tosti
1059 2549 1283 2650 mbscripsi†

859 2675 891 2774 †
914 2699 978 2773 ego
1000 2675 1053 2750 lec
1076 2673 1206 2748 curialis
1229 2686 1361 2772 rogatus
1382 2683 1597 2752 amemcrato
1620 2675 1772 2772 gregorio
1796 2673 1972 2769 presbitero
1995 2674 2085 2745 testis
2107 2675 2193 2746 sub-

798 2807 825 2882 ri
865 2808 876 2880 i

763 2833 797 2886 ⁵⁰
827 2831 891 3027 12⁸†
899 2807 977 3028 ⁴2⁸0
1001 2932 1156 3008 iohannes
1191 2933 1337 3010 medicus
1370 2941 1504 3029 rogatus
1538 2958 1557 3005 a
1589 2931 1808 3028 suprascripto
1839 2931 1991 3028 gregorio
2014 2931 2192 3026 presbitero

766 3063 1087 3161 metanoeam
1981 3041 1990 3062 '

863 3193 894 3287 †
916 3193 986 3289 Ego
1008 3193 1165 3270 iohannes
1187 3194 1324 3270 Cerialis
1347 3192 1517 3294 complevi
1539 3201 1574 3268 ct
1596 3191 1718 3266 absolvi
1745 3215 1803 3287 per
1825 3193 2000 3268 indictione
2015 3207 2192 3270 memorata

770 3327 1004 3419 quintadecima
1027 3327 1059 3424 †
