4854 6528
865 606 1056 701 ·(1sc)

920 892 1031 964 CXLI.

348 1142 428 1238 †ln
443 1142 576 1215 nominc
591 1143 718 1216 domini
733 1143 787 1216 dei
801 1143 971 1218 salvatoris
987 1143 1091 1216 nostri
1104 1143 1202 1216 lhesu
1216 1141 1340 1216 Christi
1349 1145 1532 1240 Imperante
1544 1154 1678 1228 domino
1720 1126 1723 1135 Ι
1743 1196 1800 1243 an,

256 1277 366 1338 nostro
388 1265 502 1343 basilio
525 1291 645 1362 magno
668 1271 862 1362 Imperatore
878 1292 963 1339 anno
986 1270 1112 1342 decimo
1134 1271 1191 1342 sed
1215 1279 1248 1342 et
1271 1272 1470 1344 constantino
1486 1275 1583 1348 frater
1607 1279 1676 1352 eius
1727 1305 1813 1370 970.

253 1416 372 1488 magno
396 1395 587 1488 imperatore
611 1417 695 1465 anno
718 1395 878 1488 septimo:
903 1397 956 1468 die
970 1397 1123 1470 vicesima
1142 1399 1237 1469 tertia
1252 1401 1370 1472 mensis
1386 1401 1486 1494 magii
1503 1402 1675 1478 indictione

254 1521 474 1592 tertiadecima
498 1519 645 1614 neapoli:
671 1521 804 1594 Certum
837 1531 884 1594 est
907 1547 961 1596 me
985 1525 1159 1598 iohannem
1182 1526 1333 1600 filiolerio
1357 1532 1412 1600 cui
1436 1554 1533 1622 supra
1557 1555 1676 1606 nomen

255 1645 406 1716 brinculo
431 1644 498 1716 lilio
522 1649 687 1742 quondam
711 1645 788 1718 boni
812 1647 932 1721 subde:
961 1673 1038 1724 cum
1061 1651 1206 1723 consensi
1230 1652 1359 1726 eulimia
1380 1657 1519 1746 posteris
1544 1661 1675 1754 coniugi

257 1798 371 1846 meae:
405 1775 435 1846 A
466 1775 605 1868 presenti
641 1777 693 1848 die
717 1779 933 1880 promtissima
957 1777 1122 1852 voluntate
1154 1780 1360 1854 Commutavi
1384 1789 1416 1852 et
1440 1784 1556 1856 tradidi
1581 1789 1674 1860 vobis

255 1903 386 1976 donnino
411 1903 566 1998 stephano
590 1904 658 1976 filio
681 1905 847 1998 quondam
872 1905 995 1978 domini
1021 1907 1109 1976 leoni
1140 1913 1173 1977 et
1195 1907 1325 1980 domine
1348 1909 1436 2000 pitru
1459 1909 1594 1982 honesta
1616 1917 1673 1986 le-

257 2028 344 2098 mina
368 2029 431 2098 hoc
457 2037 504 2100 est
526 2029 659 2122 iugales.
683 2029 776 2101 lDest
798 2030 906 2124 portio
936 2031 976 2102 de
999 2030 1182 2103 triclineum
1206 2055 1316 2104 meum
1340 2036 1399 2130 qui
1424 2045 1471 2106 est
1495 2060 1592 2131 super
1614 2040 1673 2108 in-

254 2158 373 2228 feriora
398 2159 520 2229 cellarii
544 2159 641 2228 vestri
662 2160 766 2252 posita
789 2160 840 2229 in.
864 2206 1134 2232 ............
1165 2160 1297 2232 civitate
1317 2164 1458 2256 neapolis
1481 2165 1565 2234 inter
1588 2167 1670 2236 duos

252 2288 377 2358 vicoras
401 2311 505 2358 unum
527 2285 637 2357 hicum
661 2287 720 2381 qui
743 2295 878 2357 vocatur
901 2286 1067 2382 birginum
1090 2296 1122 2358 et
1139 2287 1238 2360 alium
1260 2290 1319 2384 qui
1342 2291 1527 2362 nominatur
1543 2293 1670 2386 bulgari

252 2413 394 2506 regionis
418 2434 510 2483 suma
535 2414 662 2506 platee:
697 2414 756 2506 qui
785 2413 917 2483 coherct
952 2415 1014 2484 sivi
1049 2440 1092 2488 ex
1128 2418 1196 2510 ipsa
1219 2417 1366 2511 portione
1387 2419 1427 2490 de
1451 2430 1668 2492 memoratum

253 2540 436 2612 triclineum
454 2547 455 2552 ’
470 2541 559 2635 quod
589 2537 681 2613 vobis
715 2538 864 2632 superius
887 2544 1088 2612 commutavi
1111 2543 1151 2612 ab
1174 2567 1241 2615 uno
1271 2544 1369 2618 latere
1392 2573 1411 2616 a
1435 2555 1525 2640 parte
1548 2547 1666 2617 hocci-

261 2671 364 2742 dentis
388 2673 521 2744 domum
544 2671 702 2744 heredum
725 2666 848 2740 domini
880 2667 1028 2738 anastasii
1061 2669 1100 2740 de
1134 2674 1253 2764 strogia
1280 2675 1374 2745 sicuti
1397 2675 1481 2745 inter
1503 2691 1537 2745 se
1561 2676 1667 2768 paries

253 2796 384 2866 exfinat.
421 2797 460 2866 de
496 2795 560 2866 alio
593 2797 692 2870 latere
706 2823 742 2867 ·a
766 2805 855 2892 parte
878 2793 1035 2868 horientis
1066 2794 1197 2868 coheret
1221 2797 1419 2869 cubuculum
1442 2821 1553 2868 meum
1577 2799 1667 2892 quod

251 2917 343 2990 vobis
368 2919 565 2990 commutavi
588 2920 750 3014 simulque
775 2929 807 2992 et
829 2921 985 3016 pischiuis
1007 2921 1046 2995 de
1070 2943 1137 2991 uno
1161 2923 1264 3014 capite
1284 2895 1407 3014 aparte
1431 2919 1666 3014 septemtrionis

251 3055 300 3114 est
323 3046 488 3139 reliquum
512 3046 553 3117 de
576 3057 793 3118 memoratum
816 3047 1000 3122 triclineum
1031 3049 1120 3144 quod
1152 3050 1187 3118 in
1220 3072 1294 3120 mea
1321 3047 1482 3118 resorberi
1513 3054 1670 3138 potestate

250 3170 346 3240 sicuti
370 3171 454 3241 inter
476 3193 510 3242 se
533 3173 618 3250 duasw
637 3172 797 3266 singnates
820 3175 952 3245 extinat.
987 3175 1208 3268 ecquomodo
1231 3179 1408 3246 memorate
1432 3170 1555 3263 signate
1582 3170 1670 3244 exfi-

249 3305 306 3365 net
328 3297 374 3366 sic
397 3297 487 3368 omni
510 3305 655 3392 tempore
679 3301 859 3373 comuniter
881 3299 1055 3372 [rubricare
1078 3299 1251 3371 debeamus
1282 3301 1322 3370 da
1346 3299 1409 3368 fine
1434 3297 1501 3390 ipsa
1526 3293 1670 3388 singnate

250 3419 285 3490 in
308 3428 399 3514 parte
421 3443 492 3492 mea
517 3447 536 3492 a
560 3423 804 3495 sternimentum
828 3445 932 3518 usque
956 3429 989 3490 at
1010 3427 1154 3492 tectum:
1188 3427 1222 3490 et
1251 3443 1270 3488 a
1293 3427 1383 3512 parte
1407 3419 1584 3490 meridiana
1607 3441 1670 3488 co*

249 3544 342 3616 beret
364 3555 455 3618 curte
478 3555 592 3620 restra.
617 3550 702 3622 unde
726 3571 785 3622 vos
808 3558 841 3622 et
862 3548 996 3628 heredes
1018 3546 1132 3619 vestris
1154 3543 1275 3616 ibidem
1298 3544 1468 3616 introitum
1487 3543 1582 3614 abere
1606 3546 1669 3618 de·

250 3673 370 3744 beatis:
411 3676 572 3772 simulque
606 3679 804 3750 commutavi
839 3685 872 3748 et
906 3675 1021 3748 tradidi
1055 3675 1147 3748 vobis
1170 3683 1203 3746 et
1235 3680 1449 3745 memoratum
1473 3671 1669 3746 cubuculum

250 3825 362 3876 meum
386 3801 444 3898 qui
468 3804 600 3874 coberet
623 3804 686 3875 siri
709 3805 750 3872 ab
773 3825 840 3874 uno
862 3803 962 3875 latere
991 3828 1010 3874 a
1034 3811 1124 3897 parte
1148 3800 1381 3896 septemtrionis
1404 3797 1588 3871 memoretis
1611 3799 1670 3892 pi-

249 3929 369 4002 schinis
392 3929 487 4000 sicuti
510 3930 595 4000 inter
616 3952 650 4000 se
673 3930 828 4023 parietem
852 3930 982 4000 extinat.
1006 3937 1040 4001 et
1055 3955 1074 4000 a
1089 3937 1178 4024 parte
1201 3928 1357 4000 horientis
1377 3925 1509 3999 coheret
1534 3928 1668 4000 domum

248 4054 333 4148 petri
357 4053 515 4147 pecorarii
540 4064 572 4128 et
596 4056 636 4125 de
660 4053 820 4148 germanis
852 4054 918 4124 suis
951 4052 1047 4126 sicuti
1079 4055 1163 4128 inter
1192 4077 1226 4126 se
1249 4054 1405 4147 parietem
1428 4055 1567 4124 exfinet:
1594 4059 1669 4124 eta

248 4189 340 4274 parte
372 4181 546 4253 occidentis
578 4179 710 4252 coheret
740 4187 956 4253 memoratum
979 4181 1163 4252 triclineum
1187 4182 1276 4274 quod
1299 4179 1391 4256 vobis
1414 4177 1612 4252 commutavi
1636 4187 1669 4248 et

250 4331 269 4374 a
293 4315 383 4400 parte
406 4307 583 4378 meridiana
607 4307 737 4378 coberet
751 4313 929 4378 memorata
945 4315 1037 4378 curte
1054 4315 1159 4380 vestre
1174 4307 1260 4379 unde
1275 4329 1333 4380 vos
1349 4313 1382 4376 et
1397 4305 1530 4376 heredes
1554 4304 1670 4384 restris

249 4429 369 4503 ibidem
384 4432 553 4504 introitum
567 4431 662 4504 abere
677 4429 833 4504 debeatis:
852 4453 1007 4502 unacum
1023 4429 1150 4502 aeribus
1164 4437 1196 4501 et
1212 4425 1390 4520 aspectibus
1414 4425 1510 4506 simrd
1536 4435 1569 4496 et
1592 4449 1669 4504 cum

248 4557 395 4628 introitas
417 4581 492 4629 suas
515 4567 548 4628 et
563 4559 713 4628 omnibus
729 4557 790 4627 sivi
814 4557 1067 4649 pertinentibus:
1094 4557 1185 4627 Unde
1208 4554 1289 4626 nihil
1310 4551 1391 4632 mihi
1406 4551 1521 4626 exinde
1538 4551 1669 4646 aliquod

247 4684 402 4753 remansit
425 4694 481 4754 aut
500 4684 661 4754 reserbari
684 4707 743 4754 nec
766 4685 801 4753 in
824 4684 961 4753 alienam
977 4684 1135 4778 cuiusque
1154 4704 1288 4778 persona
1302 4682 1390 4778 quod
1406 4681 1486 4754 absit
1509 4681 1670 4758 commisit

249 4819 305 4880 aut
318 4810 384 4882 iam
400 4812 573 4882 commicto
587 4819 752 4905 potestate:
772 4819 804 4881 ct
818 4837 836 4882 a
850 4811 989 4905 presenti
1006 4813 1057 4884 die
1073 4819 1106 4882 et
1120 4813 1267 4906 deinceps
1284 4837 1302 4882 a
1318 4836 1371 4884 me
1389 4813 1480 4884 vobis
1497 4812 1559 4882 sint
1571 4832 1668 4882 com·

249 4945 411 5009 mutatum
435 4945 469 5011 et
491 4937 647 5018 traditum
670 4936 705 5040 in
728 4942 834 5009 restra
849 4935 1027 5032 vestrisque
1050 4937 1223 5010 heredibus
1249 4936 1312 5008 sint
1334 4945 1488 5031 potestate
1511 4934 1669 5031 quidquid
1796 4921 1797 4924 ¹

352 5067 418 5139 ur.
443 5069 490 5142 rr.
1005 5143 1010 5160 ,
1276 5075 1319 5139 25
