4954 6532
1428 591 1553 684 (³⁶)

1409 867 1550 940 LllVlll.

648 1161 702 1208 ao.
871 1137 904 1234 †
927 1135 963 1209 lu
986 1133 1118 1208 nomine
1143 1129 1265 1206 domim
1288 1129 1340 1204 dei
1363 1128 1530 1202 sdvatoris
1552 1128 1654 1200 nostri
1676 1127 1772 1200 lhesu
1795 1127 1914 1200 Christi
1930 1129 2109 1224 imperante
2127 1129 2191 1203 do·

635 1269 720 1332 955.
780 1267 871 1340 mino
894 1273 1005 1338 nostro
1027 1263 1235 1337 Constantino
1250 1261 1481 1357 porfirogenito
1496 1283 1615 1355 magno
1638 1262 1833 1356 Imperatore
1851 1284 1935 1332 anuo
1949 1262 2188 1356 quadrigesimo

778 1393 927 1488 septimo.
953 1391 1010 1463 sed
1025 1398 1058 1463 et
1080 1411 1215 1460 romano
1237 1409 1356 1480 magno
1378 1387 1574 1479 imperatore
1595 1387 1664 1458 eius
1687 1385 1756 1457 filio
1779 1385 2017 1457 nonodecimo.
2036 1386 2191 1460 dievice·

779 1519 861 1592 sima
884 1519 992 1614 prima
1014 1515 1133 1586 mensis
1155 1511 1310 1583 februarii
1325 1510 1498 1582 indictione
1513 1511 1732 1583 tertiadecima
1755 1511 1908 1606 neapoli;
1932 1511 2101 1584 Combenit
2124 1512 2191 1582 ita-

780 1667 845 1739 que
869 1663 945 1712 cum
967 1637 1091 1711 domini
1115 1635 1244 1709 auxiliis
1267 1645 1299 1707 et
1321 1636 1484 1708 bonorum
1506 1636 1694 1709 bominibus
1717 1635 1856 1710 hordine
1878 1638 1964 1710 inter
1987 1660 2043 1710 me
2064 1637 2191 1710 leonem

780 1766 945 1840 berarium
979 1761 1083 1834 lilium
1111 1763 1244 1857 quidem
1279 1762 1428 1856 stephani
1450 1761 1570 1834 berarii
1593 1772 1626 1833 et
1650 1766 1782 1858 quidem
1808 1785 1890 1835 aune
1916 1761 2049 1836 honeste
2073 1766 2191 1854 lemine
2255 1793 2258 1800 ·

779 1890 939 1983 iugalium
971 1909 1191 1980 personarum.
1226 1897 1259 1961 at
1290 1896 1323 1960 te
1354 1887 1505 1960 videlicet
1535 1896 1628 1980 petro
1650 1887 1779 1958 berario
1813 1899 1847 1958 et
1869 1889 2042 1956 maiorario
2064 1889 2192 1958 uterino

778 2037 933 2111 germano
956 2034 1041 2086 mco.
1066 2024 1098 2085 et
1120 1991 1305 2110 impresenti
1335 2015 1506 2088 divisimus
1535 2013 1621 2083 inter
1643 2011 1735 2083 nobis
1762 2010 1796 2080 in
1819 2013 1896 2083 duas
1929 2020 2035 2106 partes
2058 2013 2191 2086 domum

778 2137 936 2232 portionis
967 2143 1078 2209 nostre
1109 2137 1167 2230 qui
1201 2157 1261 2206 noa
1292 2137 1398 2227 tetigit
1429 2159 1488 2229 per
1523 2136 1701 2208 chartulam
1726 2135 1959 2208 combenientie
1982 2136 2191 2209 divisionisa

778 2282 946 2356 germanas
968 2268 1001 2332 et
1024 2283 1179 2354 germano
1211 2260 1328 2332 nostris
1361 2259 1501 2352 positam
1532 2281 1612 2332 vero
1637 2261 1724 2333 intus
1746 2280 1911 2331 cesareum
1933 2259 2072 2354 regionis
2095 2260 2189 2332 ther-

734 2465 735 2468 ,
776 2377 908 2463 mense:
946 2389 997 2457 De
1030 2410 1095 2479 qua
1127 2385 1233 2478 tetigit
1256 2385 1297 2453 de
1319 2383 1485 2452 nominato
1509 2391 1602 2473 petro
1624 2385 1754 2454 berario
1787 2392 1821 2454 et
1843 2385 2015 2458 maiorario
2040 2409 2193 2480 germano

776 2541 863 2588 meo.
887 2518 981 2586 lDest
1003 2511 1172 2584 sexuncias
1195 2485 1235 2581 de
1259 2507 1412 2581 inferiora
1443 2514 1477 2577 et
1499 2507 1539 2578 de
1562 2507 1730 2600 superiora
1752 2528 1849 2601 super
1873 2530 1908 2580 se
1930 2517 1963 2579 et
1985 2511 2025 2581 de
2057 2513 2192 2584 statione

779 2653 813 2714 et
837 2645 877 2715 de
899 2641 1186 2736 superiora-super
1209 2637 1279 2730 ipsa
1299 2634 1435 2708 statione
1457 2632 1521 2703 boc
1547 2641 1595 2706 est
1617 2633 1748 2704 insimul
1772 2659 1790 2704 a
1812 2645 1904 2728 parte
1929 2637 2114 2708 occidentis.
2142 2639 2191 2708 De

778 2791 844 2863 qua
866 2769 1007 2863 reliquas
1030 2764 1196 2840 sexuncias
1232 2788 1275 2836 ex
1310 2783 1363 2834 eas
1387 2785 1406 2829 a
1428 2766 1518 2853 parte
1532 2755 1697 2830 berientis
1728 2759 1820 2830 iuxta
1843 2761 1976 2834 domum
1999 2771 2031 2832 et
2056 2761 2191 2839 statione

780 2895 938 2988 portionis
961 2893 1093 2990 quidem
1116 2891 1245 2962 mariae·
1259 2897 1293 2961 et
1314 2886 1449 2984 aligerni
1471 2883 1601 2960 berario
1624 2883 1784 2978 germanis
1804 2886 1925 2956 nostris
1940 2889 2114 2981 tetigerunt
2138 2915 2191 2966 me

764 3017 949 3088 nominato
972 3015 1060 3087 leoni
1092 3015 1230 3088 berario.
1256 3014 1345 3084 omni
1368 3021 1513 3109 tempore
1547 3010 1681 3084 interius
1705 3017 1738 3083 et
1760 3009 1907 3104 superius
1926 3013 2018 3085 ambe
2033 3017 2190 3107 portionis

777 3146 825 3216 ad
847 3143 960 3238 equale
985 3164 1145 3215 mensura.
1169 3147 1277 3237 preter
1298 3141 1334 3210 iu
1355 3139 1518 3211 nominata
1537 3136 1691 3208 interiora
1714 3142 1747 3208 et
1762 3135 1796 3205 iu
1809 3136 1971 3210 nominate
1986 3141 2110 3214 duabus
2122 3166 2183 3214 su-

779 3268 907 3364 periore
930 3267 1047 3338 habeat
1069 3267 1158 3336 omni
1181 3275 1325 3358 tempora
1347 3263 1510 3335 nominata
1532 3259 1641 3356 portio
1663 3281 1735 3333 urea
1758 3262 1832 3356 plus
1853 3263 2077 3336 denominata
2100 3290 2186 3360 por-

779 3395 869 3463 tione
889 3400 946 3474 tua
970 3393 1068 3486 pedes
1091 3392 1172 3460 duos
1205 3393 1245 3462 cd
1267 3412 1403 3460 manum
1427 3387 1522 3463 virile
1545 3397 1578 3458 et
1600 3385 1658 3458 uhi
1681 3387 1746 3458 iem
1771 3393 1811 3464 de
1833 3412 1982 3467 mensura
2007 3390 2131 3464 benerit
2154 3403 2191 3466 ut

779 3516 920 3588 diximus
953 3514 989 3584 in
1024 3513 1168 3620 predicta
1202 3511 1354 3586 inferiora
1386 3522 1420 3585 et
1447 3514 1482 3584 in
1516 3523 1691 3588 memorate
1720 3515 1843 3588 duabus
1874 3517 2038 3612 superiore
2080 3518 2190 3592 embcs

741 3667 744 3674 ·
777 3653 884 3736 partes
906 3643 991 3714 inter
1025 3643 1118 3713 nobis
1152 3641 1274 3713 ibidem
1307 3644 1456 3717 claudere
1492 3643 1664 3716 debeamus
1697 3667 1838 3743 cumque
1870 3645 1966 3718 uobis
1995 3643 2194 3719 combenerit

779 3793 797 3838 a
822 3777 906 3838 terra
929 3761 1114 3864 usque'sub
1137 3755 1381 3841 s'temimeutum
1404 3777 1437 3840 et
1459 3793 1479 3840 a
1501 3768 1706 3845 stemimenta
1728 3794 1831 3867 usque
1855 3772 1897 3842 ad
1912 3779 2034 3843 tectrun
2048 3773 2089 3844 ad
2103 3775 2192 3844 omui

779 3915 985 3964 communem
1008 3889 1213 3984 expendium.
1236 3915 1400 3984 quamque
1411 3895 1585 3986 tetigerunt
1599 3903 1631 3964 te
1646 3905 1679 3967 et
1700 3895 1825 3987 integra
1844 3895 2093 3990 uua‘superiora
2115 3917 2193 3966 cum

783 4019 844 4090 alia
867 4021 994 4112 integra
1016 4017 1183 4108 superiora
1206 4016 1313 4088 hortei
1335 4039 1432 4112 super
1454 4041 1489 4090 se
1511 4027 1544 4090 et
1567 4039 1642 4092 cum
1665 4003 1828 4091 solareum
1844 4029 2038 4092 ostracatum
2061 4031 2135 4093 aute
2159 4043 2194 4093 se

782 4153 874 4238 parte
898 4140 1123 4236 septentrionis
1155 4138 1293 4236 qualiter
1322 4141 1407 4214 iuter
1429 4143 1630 4216 nominatum
1652 4143 1814 4216 solereum
1839 4147 1953 4240 quite
1975 4146 2082 4243 tetigit
2109 4149 2194 4220 inter

783 4266 945 4338 solareum
968 4263 1027 4359 qui
1049 4285 1102 4335 me
1126 4264 1232 4358 tetigit
1255 4265 1313 4360 qui
1336 4265 1383 4336 ibi
1406 4273 1455 4338 est
1477 4291 1496 4335 a
1518 4275 1608 4360 parte
1630 4266 1828 4342 hoccideutis
1844 4272 1963 4344 exlinat
1986 4273 2145 4346 directum
2160 4275 2194 4346 in

781 4397 872 4484 parte
895 4387 1120 4481 septentrionis
1143 4387 1298 4480 parietem
1320 4388 1380 4484 qui
1401 4388 1442 4459 ab
1466 4387 1552 4462 intus
1575 4389 1620 4462 ibi
1644 4403 1726 4466 esset
1748 4393 1939 4490 inquoatum
1958 4407 1991 4470 et
2013 4399 2060 4470 sic
2085 4398 2194 4470 ambas

781 4525 889 4610 partes
912 4517 996 4587 inter
1019 4513 1111 4584 uobis
1134 4513 1253 4587 ibidem
1276 4515 1381 4610 ipsum
1404 4516 1559 4613 parietem
1583 4517 1702 4592 fabrire
1723 4518 1894 4594 debeamus
1917 4521 2069 4596 inultum
2091 4545 2194 4620 usque

783 4655 816 4715 at
839 4651 961 4718 tectrun
985 4668 1027 4715 ex
1051 4642 1119 4734 ipsa
1143 4645 1308 4738 superiora
1340 4644 1446 4718 hertei
1469 4646 1611 4740 portioni
1634 4657 1690 4720 tue
1714 4649 1755 4720 ad
1787 4647 1877 4718 omui
1900 4669 2106 4722 communem
2129 4674 2194 4722 ex-

784 4774 937 4866 pendium
960 4781 992 4844 et
1015 4781 1050 4842 tu
1075 4781 1108 4858 et
1123 4773 1256 4846 heredes
1272 4771 1320 4844 tui
1335 4774 1371 4846 iu
1385 4795 1461 4847 eum
1476 4797 1597 4869 ponere
1612 4775 1753 4847 debeatis
1778 4782 1901 4868 aparte
1917 4783 2023 4847 vestra
2038 4783 2194 4870 quantum

782 4895 875 4974 robis
899 4919 1062 4974 omassum
1086 4899 1183 4972 luerit
1205 4907 1253 4973 set
1276 4920 1376 4998 eques
1399 4898 1440 4973 de
1462 4897 1625 4973 edificium
1647 4897 1706 4993 qui
1729 4897 1775 4970 ibi
1797 4894 1937 4971 feceritis
1959 4919 2035 4971 eum
2051 4897 2194 4992 recipere
