4900 6528
893 687 1039 784 (uss)

247 855 490 945 memoratoque
515 846 626 920 sancto
649 847 682 916 at
704 843 880 916 venerabili
903 856 1011 914 vestro
1036 843 1227 914 monasterio
1251 845 1313 916 sint
1329 855 1515 939 potestatem
1540 872 1670 946 queque

248 980 365 1053 exinde
388 979 492 1050 facere
516 973 684 1047 volueritis
708 995 833 1066 semper
856 971 991 1042 liberam
1015 972 1157 1041 babeatis
1180 983 1379 1065 potestatem.
1407 989 1438 1048 et
1462 1003 1566 1073 neque
1584 1003 1602 1048 a
1619 1003 1672 1048 me

249 1111 429 1178 memorato
451 1103 578 1173 marino
601 1123 709 1194 neque
733 1125 752 1168 a
775 1099 857 1169 meis
872 1095 1043 1170 heredibus
1060 1097 1149 1168 nullo
1165 1113 1309 1192 tempore
1325 1125 1503 1195 numquam
1521 1129 1579 1177 vos
1594 1132 1671 1179 me-

248 1236 375 1300 morato
400 1225 532 1298 domino
555 1225 688 1296 iohanni
713 1221 886 1294 venerabili
910 1245 1073 1316 ygumeno
1098 1232 1155 1293 ant
1178 1223 1313 1316 posteris
1338 1228 1452 1295 vestris
1467 1251 1526 1298 nec
1543 1253 1672 1302 memo-

250 1362 340 1426 ratus
373 1359 501 1423 sanctus
533 1357 566 1419 et
596 1345 787 1419 venerabilis
810 1345 915 1416 hester
942 1345 1153 1416 monasterius
1176 1349 1265 1438 quod
1289 1348 1380 1418 absit'
1393 1347 1535 1423 babeatis
1559 1355 1675 1428 exinde

251 1476 425 1572 ffiquando
449 1493 655 1568 quacumque
687 1469 932 1565 requisitionem
962 1477 1019 1538 ant
1050 1468 1195 1539 molestia
1220 1493 1278 1562 per
1301 1472 1428 1544 nullum
1452 1478 1588 1547 modum
1613 1501 1674 1550 nee

248 1627 309 1700 per
330 1600 507 1674 summissis
529 1620 680 1696 personas
712 1599 756 1670 ha
778 1621 864 1670 nunc
887 1606 920 1670 et
941 1597 1149 1692 imperpetuis
1176 1597 1389 1692 temporibus.
1421 1601 1556 1695 Insuper
1578 1606 1674 1675 omni

250 1737 396 1822 ternpore
420 1747 482 1819 ego
504 1733 537 1796 et
559 1721 692 1802 heredes
716 1723 796 1794 meis
819 1731 1010 1794 memoratas
1033 1723 1172 1816 integras
1198 1723 1276 1794 duas
1300 1733 1400 1795 terras
1422 1748 1509 1796 meas
1534 1729 1574 1799 dc
1597 1753 1673 1800 ma-

253 1850 349 1924 llium
371 1848 510 1945 qualiter
532 1870 591 1940 per
613 1855 806 1920 memoratas
828 1845 1027 1918 coherentiaa
1043 1856 1075 1917 et
1089 1869 1148 1940 per
1170 1857 1365 1920 memoratos
1388 1873 1498 1943 passos
1523 1856 1676 1948 superius

252 1977 347 2052 robis
370 1999 424 2050 eas
446 1975 644 2050 commutari
665 1975 706 2046 ab
729 1975 832 2047 omnis
856 1975 1003 2046 homines
1018 1975 1172 2070 omnique
1189 1999 1339 2069 personas
1355 2003 1373 2048 a
1389 1981 1533 2073 partibus
1555 1983 1672 2054 militie

252 2111 286 2178 ct
308 2131 329 2178 a
351 2105 435 2200 parti
458 2104 634 2178 bardorum
657 2103 750 2176 uobis
773 2103 981 2199 posterisque.
1004 2103 1119 2175 restris
1141 2103 1176 2174 in
1200 2107 1348 2177 omnibus
1371 2117 1527 2180 antestare
1552 2119 1585 2182 et
1608 2112 1676 2182 de·
1804 2123 1810 2129 '

252 2231 379 2304 fens'are
400 2231 635 2326 promictimns.
660 2239 793 2325 propter
816 2227 906 2326 quod
931 2229 1077 2302 advicem
1100 2231 1135 2301 in
1158 2235 1416 2304 commutationis
1439 2257 1669 2331 recompensa-

252 2355 425 2449 tionisque.
465 2354 573 2445 accepi
604 2379 623 2422 a
646 2353 740 2423 robis
764 2354 847 2424 idest
869 2354 1008 2448 integras
1031 2357 1110 2428 duas
1133 2364 1234 2427 terras
1257 2367 1377 2430 vestras
1400 2361 1518 2453 positas
1541 2362 1576 2432 in
1600 2363 1672 2454 ipso

252 2476 327 2550 loco
358 2473 518 2568 oasapauli
551 2499 593 2548 ex
626 2475 745 2568 quibus
778 2498 844 2544 una
874 2478 960 2568 petia
987 2501 1057 2572 que
1080 2489 1215 2552 vocatur
1238 2490 1366 2575 pratum
1389 2483 1451 2554 alia
1475 2495 1584 2558 autem
1609 2509 1674 2578 que

252 2602 391 2670 vocatur
415 2602 573 2692 quaranta
594 2595 745 2669 hordine.
768 2589 924 2688 utrasque
954 2617 1030 2665 curn
1059 2600 1225 2670 erroribus
1248 2601 1421 2674 fructiferis
1444 2605 1497 2674 vel
1520 2605 1675 2676 infmcti-

253 2720 332 2794 feris
354 2719 452 2791 simul
474 2743 550 2791 cnm
573 2718 719 2790 introitus
742 2739 816 2790 snas
839 2717 1065 2814 omnibusque.
1091 2723 1137 2794 eis
1161 2726 1391 2818 pcrtinentibus
1406 2731 1465 2823 qni
1481 2731 1572 2801 vobis
1595 2753 1671 2801 me-

253 2855 449 2946 moratoque
473 2855 582 2918 sancto
605 2855 638 2919 et
660 2846 835 2918 venerabili
861 2856 968 2920 uestro
991 2851 1184 2921 monasterio
1208 2855 1339 2927 obvenit
1354 2882 1373 2926 a
1389 2857 1521 2950 quidem
1543 2859 1673 2928 domina

252 2996 340 3048 anna
362 2972 519 3046 monacha
543 2975 667 3069 parenti
692 2997 782 3047 meae
797 2997 855 3068 per
871 2975 1049 3048 chartulam
1071 2977 1246 3050 offertionis
1269 3003 1369 3074 quam
1383 2991 1461 3075 aput
1475 3003 1533 3054 ros
1548 2983 1673 3054 habetis

252 3125 316 3198 pro
332 3103 432 3176 auum
447 3125 512 3198 qne
528 3103 749 3198 continetque
765 3101 857 3206 vobis
873 3101 1065 3174 reserbastis.
1082 3105 1215 3201 insuper
1230 3111 1338 3202 accepi
1354 3133 1374 3184 a
1389 3109 1482 3180 vobis
1496 3119 1531 3182 ct
1546 3111 1672 3203 integra

254 3229 406 3325 portione
428 3239 535 3304 restra
558 3255 601 3304 ex
624 3231 747 3325 integra
771 3237 857 3303 terra
881 3253 946 3326 que
974 3239 1108 3303 uocatur
1131 3235 1297 3306 casavituli
1322 3259 1386 3307 una
1410 3259 1486 3306 cum
1510 3237 1677 3309 arvoribus

253 3358 429 3431 fructiferis
452 3358 506 3430 vel
528 3356 734 3431 infructiferis
748 3363 781 3429 et
795 3379 871 3428 cum
885 3355 1002 3427 holibis
1026 3356 1123 3427 simul
1146 3379 1223 3428 cum
1253 3357 1422 3428 introitum
1446 3381 1542 3429 suum
1558 3361 1671 3431 omni-

239 3487 393 3581 busque.
416 3485 480 3560 siri
503 3485 736 3581 pertinentibus
751 3485 810 3580 qni
823 3483 917 3557 robis
941 3493 1186 3578 memoratoque
1201 3491 1310 3552 sancto
1327 3491 1359 3554 et
1375 3483 1550 3554 venerabili
1569 3493 1678 3557 vestro

255 3612 453 3686 monasterio
475 3613 613 3707 pertinet
628 3638 687 3709 per
708 3614 896 3708 dispositum
912 3613 1074 3709 quondam
1091 3611 1224 3682 iohanni
1237 3610 1468 3704 buccafargala.
1492 3609 1673 3682 coherente

255 3733 320 3811 sisi
342 3743 518 3810 memorata
542 3733 627 3810 terra
650 3758 717 3830 que
738 3745 874 3808 uocatur
888 3747 1017 3830 pratum
1031 3733 1096 3806 hab
1111 3757 1178 3805 uno
1193 3735 1291 3807 latere
1305 3743 1396 3830 parte
1419 3735 1575 3809 horientis
1590 3745 1676 3808 terra

254 3861 416 3946 heredum
440 3863 583 3960 gregorii
605 3859 757 3938 monachi
779 3861 892 3933 vobuli
915 3869 949 3933 et
971 3861 1070 3934 hauet
1092 3859 1213 3932 ibidem
1245 3859 1443 3956 longitudine
1476 3882 1584 3955 passos
1614 3861 1681 3938 tri-

255 3991 347 4092 ginta
368 4000 502 4094 septem.
526 3999 559 4064 et
582 4013 624 4064 ex
647 3988 710 4062 alio
733 3989 831 4062 latere
847 3997 937 4085 parte
960 3987 1158 4061 hoccidentis
1175 3996 1260 4060 terra
1275 3987 1433 4062 heredum
1458 3987 1582 4063 domini
1598 4011 1678 4082 grc-

254 4115 344 4212 gorli
366 4115 518 4198 monachi
540 4115 669 4192 bulcani
695 4119 799 4190 soceri
813 4116 883 4189 mei
896 4127 928 4190 et
943 4116 1041 4188 haret
1054 4115 1174 4187 ibidem
1189 4116 1391 4209 longitudine
1406 4137 1514 4208 passos
1530 4116 1679 4215 quadra-

256 4243 349 4336 ginta
361 4265 473 4319 unum.
488 4244 528 4315 de
542 4265 610 4316 nno
622 4243 725 4338 capite
737 4253 826 4336 parte
840 4239 1076 4337 septemtrionis
1090 4249 1176 4310 terra
1191 4239 1348 4311 heredum
1361 4240 1447 4315 leoni
1458 4239 1526 4313 filio
1537 4241 1682 4334 stephani

256 4367 342 4442 Kuta
364 4369 488 4446 domini
519 4369 684 4466 amatiaspi
707 4369 802 4440 sicuti
825 4369 910 4440 inter
933 4391 967 4440 se
991 4375 1055 4439 tres
1073 4369 1223 4441 termines
1246 4369 1366 4441 exfinat
1387 4376 1420 4437 et
1439 4367 1538 4440 havet
1562 4367 1682 4440 ibidem

256 4496 425 4570 latitudine
448 4517 557 4591 passos
579 4496 697 4589 viginti
721 4519 834 4567 unum.
859 4497 900 4568 de
927 4497 992 4568 alio
1015 4495 1118 4588 capite
1140 4503 1230 4588 parta
1254 4493 1429 4566 meridiana
1453 4493 1507 4562 ria
1531 4501 1563 4563 et
1585 4493 1684 4565 hauet

255 4617 379 4690 ibidem
392 4621 559 4692 latitudine
574 4641 685 4714 passos
699 4619 832 4712 viginti:
850 4629 1027 4689 memorata
1042 4639 1122 4688 vero
1137 4625 1221 4686 terra
1239 4637 1303 4709 qne
1319 4623 1455 4685 uocatur
1471 4617 1511 4687 ad
1528 4627 1683 4710 quaranta

256 4745 395 4820 hordine
417 4746 565 4820 similiter
587 4747 719 4818 coheret
742 4747 782 4818 de
804 4768 872 4816 uno
895 4745 994 4817 latere
1017 4755 1108 4840 parte
1130 4743 1285 4814 horientis
1301 4753 1386 4816 terra
1401 4745 1571 4815 memorati
1587 4745 1681 4816 here·

260 4873 342 4946 dum
365 4876 535 4947 memorati
568 4872 672 4946 moeri
702 4871 768 4948 mci
800 4881 833 4946 et
855 4871 953 4944 havet
975 4871 1094 4944 ibidem
1118 4872 1317 4966 longitudine
1340 4893 1450 4966 passos
1474 4871 1685 4966 quadraginta

262 5001 354 5082 dne.
377 5003 418 5077 de
442 5001 506 5074 alio
528 5003 628 5076 latere
650 5013 740 5100 parte
762 5001 959 5076 hoccidentis
981 5009 1067 5076 terra
1090 5001 1247 5077 heredum
1270 4997 1404 5168 iohqnni
1418 5001 1501 5072 llata
1515 4998 1685 5096 pantaleo·

507 5126 574 5202 Vol.
599 5127 650 5199 11.
1302 5115 1322 5174 3
