4876 6532
632 1151 687 1199 an.
856 1121 887 1218 †
909 1122 947 1196 ln
969 1119 1105 1194 nomina
1125 1117 1251 1192 domini
1273 1115 1328 1188 dei
1349 1111 1519 1186 sdvatoris
1541 1111 1644 1185 nostri
1666 1111 1762 1186 lhesn
1785 1111 1905 1185 Christi
1926 1115 2108 1211 imperante
2128 1123 2184 1195 do·

618 1259 705 1327 ⁹⁵⁹.
761 1252 973 1324 minonostro
983 1245 1194 1322 Constantino
1212 1266 1333 1338 magno
1348 1244 1547 1335 Imperatore
1560 1241 1647 1312 anuo
1661 1241 1932 1336 quinquagesimo
1956 1245 2062 1338 primo
2078 1247 2133 1319 sed
2151 1260 2184 1320 et

759 1402 894 1452 romano
917 1397 1036 1471 magno
1058 1375 1253 1467 imperatore
1284 1368 1354 1440 eius
1376 1366 1445 1438 filio
1468 1389 1553 1438 anno
1583 1367 1827 1462 quartodecimo
1849 1368 1903 1442 die
1927 1369 2040 1464 quinta
2063 1382 2182 1449 mensis

759 1502 869 1577 martii
892 1497 1070 1571 [edictione
1101 1493 1241 1566 secunda
1272 1489 1425 1585 neapoli:
1460 1489 1631 1562 Combenit
1658 1490 1770 1586 itaque
1800 1515 1876 1565 eum
1899 1497 2033 1572 domino
2057 1500 2183 1572 auxilio

759 1639 792 1700 et
825 1620 981 1721 parentali
1011 1613 1161 1691 ordinem
1193 1615 1281 1689 inter
1311 1637 1365 1687 me
1397 1636 1480 1686 anna
1508 1613 1645 1690 honesta
1676 1616 1795 1690 femina
1818 1616 1884 1690 lilia
1919 1621 2084 1714 mundam
2115 1623 2181 1694 do·

757 1753 838 1826 mini
860 1747 1031 1843 gregorii,
1054 1753 1088 1818 et
1110 1744 1277 1841 quondam
1292 1742 1423 1816 domine
1437 1741 1539 1815 marie
1554 1742 1714 1836 iugalium
1733 1765 1959 1838 personarum.
1984 1748 2096 1821 relicte
2114 1773 2183 1820 au·

757 1889 822 1951 tem
846 1874 1012 1972 quondam
1047 1872 1171 1944 domini
1205 1867 1356 1942 anastasii
1391 1880 1425 1945 et
1452 1879 1485 1942 te
1507 1868 1660 1942 videlieet
1695 1870 1829 1944 domino
1863 1872 2020 1968 stephano
2052 1875 2183 1948 uterino

757 2024 912 2099 germano
935 2023 1009 2074 meo
1032 2009 1065 2073 ot
1088 2023 1163 2073 eece
1185 1998 1221 2070 in
1243 1999 1398 2093 presentis
1421 2021 1482 2094 per
1504 2023 1565 2071 ane
1587 1999 1768 2072 chartulam
1791 2000 1992 2074 &movimus
2007 2003 2092 2078 inter
2115 2029 2183 2077 no-

755 2129 807 2201 bis
830 2125 999 2201 divisionis
1022 2126 1062 2198 de
1085 2146 1217 2196 omnem
1232 2131 1376 2196 nostram
1392 2119 1569 2196 hereditate
1589 2123 1772 2218 quantiam
1794 2124 1935 2198 divisum
1957 2127 2031 2198 abet
2053 2128 2093 2201 de
2116 2151 2182 2224 qua

756 2257 864 2352 tetigit
885 2266 920 2328 te
941 2255 1110 2326 nominato
1133 2253 1266 2328 domiuo
1293 2250 1451 2346 stephano
1473 2273 1628 2345 germano
1655 2273 1758 2324 meos
1792 2252 1879 2326 ldest
1901 2255 2065 2350 integrum
2100 2257 2182 2330 tuu-

750 2387 837 2460 dum
860 2383 919 2479 qui
941 2381 1074 2477 ponitur
1097 2381 1138 2452 ad
1161 2379 1310 2451 melitum
1331 2378 1425 2449 iuxta
1447 2378 1585 2450 fundum
1607 2378 1731 2450 domini
1753 2379 1888 2452 lolrunni
1912 2385 2178 2457 mnuromundor

757 2532 817 2582 seu
839 2507 1002 2602 tetigitte
1028 2513 1061 2577 et
1088 2503 1190 2577 ulium
1220 2501 1358 2574 fundum
1388 2498 1546 2593 pietulum
1574 2497 1621 2570 ibi
1652 2499 1759 2592 ipsum
1790 2501 1831 2572 ad
1857 2501 2006 2574 malitum
2040 2507 2099 2599 qui
2135 2516 2185 2578 est

758 2635 851 2708 iuxta
875 2635 1012 2708 fundum
1034 2632 1169 2704 heredes
1191 2628 1356 2726 quondam
1378 2623 1503 2698 domini
1521 2623 1620 2717 sergii
1626 2672 2088 2700 ····················
2106 2632 2183 2702 lata

762 2761 886 2834 domini
908 2761 1022 2856 pitru:
1049 2761 1170 2832 iterum
1191 2755 1300 2849 tetigit
1323 2761 1356 2824 te
1379 2760 1413 2824 et
1435 2751 1563 2846 integra
1587 2757 1674 2822 terra
1697 2775 1763 2846 que
1788 2761 1925 2824 vocatur
1942 2754 2138 2826 martianum
2154 2767 2187 2828 et

761 2881 891 2976 integra
913 2890 1000 2952 terra
1023 2903 1089 2974 que
1111 2885 1250 2949 vocatur
1272 2875 1313 2948 ad
1336 2871 1417 2945 silbe
1432 2870 1579 2946 maiore-2
1605 2869 1768 2966 simulque
1791 2872 1898 2966 tetigit
1920 2880 2003 2974 teet
2017 2877 2185 2947 sexuncias
2272 2917 2276 2926 ·

642 2999 646 3008 “
744 3006 804 3078 ¹do
827 3015 914 3075 terra
938 3027 1003 3098 que
1026 2995 1162 3075 vocatur
1184 3002 1376 3094 leporanum
1399 2997 1465 3069 hoo
1487 3007 1536 3070 est
1559 3021 1578 3068 a
1601 3005 1693 3092 parte
1707 2997 1748 3068 de
1763 3008 1849 3068 terra
1870 2996 2005 3072 heredes
2027 3002 2185 3074 nominati

762 3130 887 3204 domini
909 3127 1032 3222 sergii:
1068 3129 1146 3199 lmta
1168 3125 1291 3198 domini
1313 3124 1403 3219 pitrn
1424 3123 1460 3196 in
1482 3123 1619 3216 longum
1643 3121 1784 3195 dunum
1807 3125 1848 3196 ad
1871 3125 1986 3220 equale
2009 3149 2181 3199 mensura:

761 3258 923 3352 simulque
946 3255 1106 3350 tetigitte
1129 3265 1163 3324 et
1184 3254 1310 3347 integra
1333 3261 1419 3322 terre
1434 3273 1502 3348 que
1520 3257 1659 3322 uocatur
1673 3251 1913 3324 maeoulanum:
1932 3265 2067 3349 exeepto
2083 3225 2184 3350 quan-

762 3391 835 3454 tum
857 3383 885 3452 si
908 3382 1025 3453 exinde
1048 3379 1162 3452 tollere
1185 3379 1330 3472 potuerit
1351 3378 1486 3452 heredes
1509 3377 1635 3450 domini
1657 3377 1804 3473 stephani
1827 3381 1960 3473 prefecti
1975 3381 2036 3454 tlrii
2058 3385 2181 3456 nostri:

762 3510 881 3580 iterum
904 3507 1010 3600 tetigit
1033 3513 1065 3578 te
1087 3515 1120 3577 et
1142 3503 1268 3599 integra
1299 3514 1387 3578 terra
1421 3527 1487 3600 que
1517 3522 1657 3576 vocatur
1678 3513 1774 3598 prrtu
1796 3505 1900 3600 posita
1922 3507 2013 3580 iuxta
2035 3519 2183 3581 sanetum

763 3631 900 3704 sossium
923 3639 956 3703 et
977 3629 1117 3723 integras
1140 3628 1220 3700 duas
1250 3627 1353 3724 petias
1381 3627 1421 3700 de
1445 3637 1546 3700 terras
1577 3635 1702 3701 nostras
1724 3652 1791 3724 qne
1822 3629 2030 3704 nominantur
2052 3632 2182 3704 callum

764 3757 882 3850 positas
916 3765 950 3826 ut
981 3753 1126 3826 muniti:
1162 3777 1222 3828 sau
1256 3753 1363 3848 tetigit
1393 3760 1427 3825 te
1454 3761 1488 3828 et
1521 3753 1646 3848 integra
1668 3755 1755 3849 petia
1778 3755 1819 3827 de
1842 3765 1928 3828 terra
1951 3781 2016 3854 que
2048 3769 2184 3833 vocetur

763 3879 961 3957 messanellu
983 3878 1088 3972 posita
1110 3878 1145 3948 in
1167 3877 1348 3972 pischinule
1371 3877 1477 3972 tetigit
1499 3887 1533 3950 te
1555 3888 1589 3950 et
1611 3887 1769 3974 qnantum
1793 3877 1926 3952 abemus
1950 3880 1985 3951 in
2007 3882 2086 3953 foris
2110 3885 2186 3978 gri·

765 4017 847 4104 pta:
873 4025 1038 4100 quomque
1061 4001 1222 4093 tetigitte
1244 4009 1278 4072 et
1300 4001 1469 4074 renuncies
1492 4002 1534 4073 de
1557 4010 1642 4074 terra
1666 4027 1731 4098 que
1753 4015 1890 4076 vocatur
1913 4003 2096 4078 utlractnlu
2120 4008 2184 4082 hoe

765 4143 813 4208 est
837 4160 858 4206 a
880 4139 973 4226 purte
995 4129 1170 4200 meridiane
1192 4127 1285 4200 iuxta
1307 4128 1396 4200 viam
1419 4129 1505 4200 unde
1527 4127 1668 4232 reliquas
1690 4131 1860 4204 sexuncias
1881 4157 1923 4204 er
1945 4157 1983 4206 ea
2008 4135 2068 4232 qui
2092 4147 2140 4210 est
2163 4164 2183 4208 a

766 4269 858 4356 parte
881 4254 1108 4351 septentrionis
1131 4253 1237 4347 tetigit
1258 4253 1294 4325 in
1317 4254 1466 4349 portione
1488 4276 1561 4326 mea
1584 4255 1748 4330 nominate
1771 4281 1876 4332 anne:
1911 4273 1945 4334 et
1967 4273 2016 4337 ast
2048 4261 2186 4340 inlon-

766 4407 847 4480 gum
871 4381 1012 4457 divisum
1035 4377 1126 4452 omni
1149 4386 1296 4473 tempore
1328 4380 1370 4452 ad
1393 4377 1542 4474 equalem
1572 4401 1781 4452 mansurum:
1807 4383 1928 4458 iterum
1962 4388 2069 4482 tetigit
2093 4399 2125 4459 te
2149 4397 2182 4460 et
2289 4368 2293 4377 ¹

767 4509 894 4600 integra
918 4514 1004 4576 terra
1027 4525 1092 4598 que
1114 4507 1250 4574 vocatur
1273 4500 1380 4572 oesnla
1402 4523 1500 4596 super
1522 4500 1592 4595 ipsu
1615 4499 1669 4572 hin
1684 4501 1826 4597 idipsum
1846 4507 1888 4579 ad
1910 4507 2068 4579 frentula:
2095 4509 2184 4581 Vin·

766 4629 855 4701 tendi
877 4624 1033 4722 perdendi
1049 4625 1089 4696 de
1104 4623 1255 4695 omnihus
1277 4624 1450 4696 nominetis
1463 4625 1586 4721 equalis
1607 4625 1650 4698 sit
1672 4625 1765 4698 nobis
1780 4623 1987 4726 neruisque:
2013 4631 2187 4707 heredibus

767 4751 899 4848 portio:
933 4749 1065 4842 insuper
1087 4745 1194 4838 tetigit
1217 4757 1248 4818 te
1271 4755 1304 4818 et
1327 4747 1435 4842 portio
1458 4747 1499 4820 de
1521 4771 1672 4844 campum
1695 4749 1754 4844 qui
1776 4759 1912 4824 uocatur
1934 4763 1968 4826 et
1990 4723 2122 4849 ponitur
2145 4757 2186 4828 ad

767 4877 958 4950 monianum
981 4873 1044 4947 hoo
1067 4881 1116 4944 est
1139 4895 1157 4940 u
1181 4879 1271 4964 parte
1304 4871 1532 4970 septentrionis
1565 4873 1658 4946 iuxta
1684 4883 1770 4946 terra
1790 4874 1925 4949 eeclesie
1948 4886 2055 4951 sancto
2081 4881 2182 4953 marie
