4876 6532
930 641 1059 730 (οε)

907 918 1081 990 LXXXIX.

370 1172 401 1270 †
423 1175 461 1246 ln
475 1171 606 1244 nomine
622 1170 748 1244 domini
759 1171 812 1246 dei
823 1169 990 1246 salvatoris
1005 1171 1109 1244 nostri
1124 1171 1219 1246 lbesu
1231 1171 1351 1246 Christi
1369 1173 1550 1269 Imperante
1565 1178 1698 1256 domino
1768 1195 1821 1242 ²¹1·

286 1308 397 1372 nestro
413 1299 621 1372 Constantino
631 1321 750 1392 magno
765 1300 963 1392 Imperatore
978 1321 1064 1368 anno
1078 1299 1347 1394 quinquagesimo
1361 1303 1511 1374 secundo.
1525 1307 1581 1378 sed
1598 1318 1630 1378 et
1644 1333 1698 1379 ro-
1744 1306 1833 1372 960.

156 1468 162 1483 ·
276 1449 373 1498 mano
389 1449 508 1518 magno
523 1425 717 1520 imperatore
732 1424 802 1498 eius
816 1423 883 1497 fibo
899 1448 983 1496 enno
998 1425 1239 1520 quintodecimo
1255 1428 1307 1498 die
1323 1438 1438 1523 quarte
1455 1431 1572 1502 mensis
1589 1435 1697 1525 aprilis

275 1551 449 1626 indictione
465 1551 558 1620 tertie
581 1549 708 1643 neapoli
725 1575 732 1621 :
760 1551 893 1624 Certum
909 1558 958 1625 est
973 1572 1027 1621 me
1044 1551 1232 1644 gregorium
1249 1559 1282 1622 et
1297 1562 1424 1644 petrum
1442 1555 1601 1648 germanis
1624 1557 1696 1631 filiis

275 1683 439 1774 quondam
453 1679 565 1751 veneri
576 1679 700 1762 deloco
712 1679 770 1773 qui
785 1691 920 1752 vocetur
932 1703 1004 1751 cuso
1015 1683 1119 1752 ferree
1135 1680 1334 1752 territorium
1348 1679 1559 1773 paludanum:
1576 1683 1606 1752 A
1619 1707 1696 1778 pre-

275 1809 360 1881 senti
383 1809 436 1879 die
462 1808 676 1901 promittimus
700 1810 761 1880 tibi
784 1811 917 1881 domino
942 1809 1096 1903 gregorio
1110 1811 1220 1882 umilis
1235 1810 1421 1906 presbytero
1437 1818 1546 1884 custm
1565 1813 1696 1888 ecclesie

275 1935 376 2003 suncti
401 1933 530 2006 eufimi:
557 1935 640 2004 ldest
664 1933 788 2005 inclitas
811 1937 891 2005 duas
913 1933 1016 2026 petias
1032 1937 1073 2006 do
1088 1943 1189 2006 terres
1205 1933 1271 2005 iuri
1286 1942 1462 2007 memorate
1477 1933 1608 2008 ecclesie
1630 1959 1694 2009 une

275 2081 318 2130 ex
341 2081 378 2128 ce
402 2080 467 2152 que
489 2067 625 2146 uocetur
648 2081 731 2130 nuce
755 2059 795 2130 de
818 2059 994 2130 iurandum
1018 2068 1051 2130 et
1072 2061 1250 2130 memorate
1274 2058 1337 2130 alie
1359 2059 1445 2153 potin
1461 2057 1609 2130 similiter
1624 2045 1691 2132 no-

274 2181 417 2254 minetur
440 2204 523 2254 nuce
547 2183 587 2256 dc
610 2183 786 2254 iurandum
809 2184 913 2276 positu
937 2183 972 2254 in
994 2193 1176 2256 memorato
1199 2159 1273 2256 loco
1296 2207 1372 2256 cum
1395 2186 1565 2260 erroribus
1579 2193 1612 2260 et
1634 2187 1693 2260 in·

246 2375 249 2382 .
274 2307 385 2380 troitus
408 2329 482 2379 suos
504 2317 538 2380 et
559 2309 711 2381 omnibus
735 2309 781 2380 eis
805 2309 1066 2400 pertinentibus:
1101 2311 1160 2406 qui
1184 2313 1316 2386 coheret
1347 2313 1411 2386 sivi
1433 2316 1473 2388 do
1496 2337 1563 2388 uno
1592 2317 1693 2392 latere

278 2435 320 2508 ub
342 2459 407 2508 uno
429 2461 473 2514 ex
496 2459 535 2508 er
557 2443 645 2507 terre
669 2435 793 2508 domini
817 2437 967 2510 iohannis
1001 2437 1259 2531 ermegundium.
1282 2449 1315 2511 et
1338 2443 1378 2514 de
1401 2442 1465 2516 olio
1488 2444 1587 2518 lutere
1611 2453 1696 2519 terra

275 2569 316 2640 de
339 2567 387 2638 illi
410 2565 617 2663 eeciepeccir.
652 2573 686 2637 et
717 2565 757 2637 dc
780 2584 893 2638 umvos
927 2561 1047 2656 cupitos
1080 2562 1135 2634 via
1167 2563 1323 2658 publico:
1361 2575 1395 2640 et
1422 2580 1599 2642 memoratu
1633 2569 1695 2642 elie

271 2704 367 2765 term·
381 2693 454 2765 abet
477 2691 556 2764 fines
572 2692 612 2763 de
636 2711 747 2762 umvos
770 2689 871 2762 latere
894 2697 980 2760 terra
1004 2685 1128 2760 domini
1152 2687 1286 2760 iohanni
1311 2681 1568 2786 mmageudium.
1596 2701 1630 2764 et
1653 2695 1694 2766 de

272 2841 339 2892 uno
363 2821 468 2914 eapite
490 2831 578 2893 terre
602 2817 642 2891 de
664 2815 713 2889 illi
738 2819 823 2891 volsa
854 2824 953 2888 etex
976 2815 1043 2886 alio
1066 2815 1173 2909 cepite
1197 2823 1284 2886 terra
1309 2817 1350 2890 de
1376 2817 1425 2888 illi
1449 2818 1692 2892 demostelum:
1740 2817 1744 2826 '

273 2969 355 3040 quus
382 2957 419 3018 tu
442 2946 536 3018 nobis
559 2945 742 3041 nostrisque
768 2944 939 3018 heredibus
962 2944 1096 3017 dedistis
1120 2945 1191 3016 illes
1214 2943 1249 3014 in
1272 2943 1403 3037 colligio
1425 2953 1459 3016 ot
1481 2945 1695 3016 lovorandum

275 3083 308 3144 et
331 3073 551 3146 detinendum.
576 3075 615 3145 ln
637 3097 678 3146 eo
701 3083 814 3146 tenore
838 3083 875 3145 ut
897 3095 957 3146 nos
981 3084 1014 3146 et
1028 3075 1164 3147 beredes
1186 3071 1306 3144 nostris
1322 3071 1495 3144 deveemus
1510 3069 1581 3142 illes
1597 3070 1689 3142 omni

274 3219 381 3268 annuo
397 3207 472 3292 upto
488 3208 634 3291 temporo
649 3197 763 3270 subtus
778 3207 812 3270 et
825 3221 923 3293 super
937 3221 1020 3272 vene
1037 3189 1069 3270 et
1084 3199 1254 3292 diligenter
1269 3199 1418 3269 levorere
1433 3203 1467 3266 et
1488 3195 1639 3266 excolere
1663 3201 1698 3266 ct

274 3337 307 3396 et
330 3323 498 3397 meliorem
521 3325 647 3395 cultum
669 3327 846 3418 perducere
866 3323 1067 3416 inomnibus
1085 3333 1121 3394 ut
1135 3321 1266 3416 expedit
1288 3343 1365 3393 cum
1387 3329 1515 3390 nostros
1539 3341 1640 3393 voves
1661 3329 1696 3392 et

270 3451 486 3524 conciaturies
508 3460 542 3524 ct
564 3451 729 3547 operarios
752 3459 785 3524 et
807 3461 902 3544 rupte
925 3447 980 3528 rel,
1001 3445 1110 3520 omnio
1133 3466 1285 3540 expense.
1311 3453 1345 3516 et
1359 3466 1557 3518 oeueumenr
1573 3452 1606 3516 et
1628 3443 1687 3516 vi·

273 3587 321 3652 tos
341 3577 462 3652 ibidem
486 3602 545 3674 per
567 3600 676 3650 annuo
700 3587 777 3670 epto
800 3585 947 3670 tempore
970 3597 1091 3670 ponere
1106 3581 1140 3644 et
1153 3573 1297 3668 plantare
1313 3569 1534 3664 promittimus
1558 3575 1693 3666 quantos

271 3729 329 3803 por
353 3726 462 3776 annuo
485 3703 607 3775 ibidem
628 3722 759 3773 necessu
781 3701 906 3772 lucrit=
933 3707 966 3769 ct
988 3707 1212 3794 quotcumque
1234 3695 1356 3766 ibidem
1379 3719 1438 3791 per
1461 3717 1570 3766 ennuo
1601 3693 1695 3769 nobis

272 3837 349 3907 deus
373 3829 498 3905 dederis
521 3829 556 3899 in
578 3829 696 3925 quobil
718 3827 912 3898 seminatum
935 3825 1020 3896 inter
1042 3825 1136 3896 nobis
1158 3823 1232 3895 illut
1246 3823 1287 3895 ed
1303 3846 1377 3894 ures
1400 3821 1543 3895 dividere
1571 3823 1692 3896 deves-

271 3981 342 4031 mns
365 3958 400 4029 in
415 3979 456 4028 oc
470 3954 607 4028 hordine
630 3975 690 4025 nos
712 3951 831 4024 exinde
852 3951 965 4022 tollere
990 3951 1164 4020 devemus
1190 3955 1297 4041 portes
1319 3953 1385 4016 tres
1401 3955 1433 4019 et
1447 3955 1485 4016 tu
1500 3954 1534 4018 et
1558 3948 1694 4041 posteris

271 4085 334 4157 tuis
357 4083 504 4157 modium
527 4101 651 4154 unum=
677 4086 710 4150 et
725 4087 948 4174 quotcumque
964 4075 1084 4148 ibidem
1099 4075 1191 4146 nobis
1209 4097 1269 4169 per
1283 4097 1392 4146 annuo
1406 4075 1488 4148 deus
1510 4077 1635 4148 dederis
1650 4077 1692 4148 de

270 4216 417 4311 superius
439 4235 497 4308 per
520 4233 578 4282 sex
600 4208 711 4280 uncias
734 4205 819 4279 inter
842 4205 936 4276 nobis
950 4205 1024 4276 fflut
1038 4204 1183 4277 dividere
1206 4204 1380 4277 dercomus
1395 4226 1455 4277 nos
1469 4204 1586 4276 exinde
1608 4229 1691 4300 per·

270 4341 426 4436 cipiamus
449 4337 559 4411 uncias
582 4359 641 4408 sex
664 4343 698 4408 ct
712 4343 750 4406 tu
764 4341 797 4406 et
811 4331 949 4426 posteris
970 4327 1035 4402 trris
1058 4331 1207 4402 similiter
1228 4329 1412 4424 percipietis
1433 4329 1551 4402 exinde
1579 4331 1690 4406 uncins

268 4491 336 4542 sex.
359 4477 392 4539 et
413 4465 521 4561 portio
543 4471 650 4537 vestm
672 4485 738 4557 que
760 4479 821 4529 ros
844 4459 961 4530 exinde
983 4458 1126 4551 tetigerit
1148 4457 1189 4530 de
1212 4457 1346 4530 inferius
1359 4477 1420 4530 nos
1439 4457 1533 4531 vobis
1555 4459 1684 4534 urbere

270 4597 440 4670 deveomus
471 4613 575 4687 nsque
608 4601 682 4660 ente
709 4587 798 4680 regin
821 4593 998 4656 memorate
1021 4583 1153 4656 ecclesie
1176 4591 1292 4654 vestre.
1320 4591 1353 4654 st
1374 4583 1460 4678 ipsas
1482 4607 1542 4658 sex
1572 4586 1684 4660 uncins

270 4731 392 4794 vesum
414 4718 454 4790 de
477 4723 692 4787 memoratum
714 4711 828 4784 vinum
850 4719 887 4782 tu
910 4718 943 4781 et
965 4707 1102 4803 posteris
1126 4707 1190 4778 tuis
1213 4729 1272 4778 vos
1286 4705 1379 4778 vobis
1394 4707 1522 4790 trebete
1538 4709 1682 4784 derectis

269 4843 407 4940 qualiter
430 4848 464 4912 et
485 4839 650 4936 quomodo
672 4835 840 4932 potueritis
863 4843 912 4906 set
934 4835 969 4905 in
991 4831 1133 4925 orgsniis
1156 4832 1272 4904 nostris
1294 4833 1388 4906 vobis
1410 4857 1470 4904 nos
1491 4833 1585 4906 illum
1607 4857 1683 4906 ser·

269 4967 346 5039 bere
370 4965 542 5038 densamus
563 4983 667 5057 nsque
690 4959 726 5032 in
748 4959 816 5035 dics
830 4967 914 5032 octo.
929 4965 963 5032 ct
978 4979 1089 5032 omnes
1104 4956 1291 5055 hopcruios
1306 4967 1339 5032 et
1355 4968 1497 5034 semente
1512 4961 1554 5034 de
1574 4959 1681 5055 ipsum

1292 5089 1307 5120 .
1550 5085 1551 5088 ,
