4900 6528
1318 663 1323 674 ¹
1427 695 1575 793 (noo)

1419 979 1571 1052 OEXXII.

659 1295 712 1344 an.
878 1259 909 1357 †
932 1259 970 1330 ln
993 1251 1127 1326 nomino
1149 1245 1275 1321 domini
1298 1240 1351 1312 dci
1373 1232 1541 1309 salvatoris
1562 1229 1666 1301 nostri
1688 1227 1784 1300 ihesu
1808 1223 1929 1298 Christi
1949 1226 2127 1323 imperante
2140 1235 2207 1306 do..

638 1406 725 1470 978.
785 1389 874 1462 mino
897 1393 1008 1458 nostro
1030 1375 1144 1452 basilio
1166 1389 1285 1462 magno
1308 1366 1506 1458 Imperatore
1530 1380 1614 1430 anno
1628 1355 1854 1429 nonodecimo.
1880 1354 1937 1426 sed
1954 1362 1987 1428 et
2001 1359 2201 1430 comtantino

784 1537 903 1612 magno
926 1513 1118 1603 imperatore
1150 1499 1250 1568 irater
1281 1491 1351 1563 cius
1384 1509 1469 1558 anno
1501 1483 1730 1559 sextodecimo.
1755 1482 1808 1553 dic
1832 1481 2069 1578 quintadecima
2092 1485 2207 1558 mensis

786 1636 970 1742 septembrii
993 1627 1168 1702 indictione
1191 1623 1327 1718 septima
1348 1615 1502 1712 neapoli:
1536 1614 1670 1687 13011111
1702 1619 1750 1685 cst
1773 1633 1826 1683 me
1850 1633 1978 1706 gemma
2000 1611 2135 1685 honesta
2157 1615 2209 1686 ie-

789 1771 876 1842 mina
900 1759 965 1832 filia
989 1752 1154 1850 quondam
1185 1743 1331 1842 stephani
1363 1740 1516 1816 monachi
1543 1740 1606 1836 qui
1634 1737 1820 1812 nominatur
1852 1737 2068 1833 pampademn
2101 1737 2210 1811 relicta

665 1875 669 1882 ’
790 1903 897 1970 autem
930 1883 1096 1984 quondam
1126 1879 1214 1950 idem
1245 1871 1392 1968 stephani
1423 1871 1483 1967 qui
1514 1869 1701 1942 nominatur
1724 1865 1918 1940 cannaharii.
1944 1866 2136 1961 Apresenti
2159 1867 2213 1940 dic

790 2013 1004 2118 promtissima
1027 2005 1205 2080 volumtate
1227 1996 1411 2072 venundedi
1444 2004 1477 2068 et
1508 1993 1626 2065 tradidi
1650 1992 1743 2066 vohis
1767 1993 1866 2065 drosu
1889 1989 1953 2063 tilia
1976 1990 2112 2064 maiadri
2137 2011 2215 2063 mo·

790 2145 886 2221 nnchi
909 2143 949 2214 de
970 2137 1044 2208 loco
1059 2129 1117 2226 qui
1131 2131 1267 2200 vocatur
1288 2121 1471 2220 pomccaria
1493 2121 1616 2193 coniux
1639 2117 1778 2214 presenti
1800 2115 1935 2189 Iohanni
1959 2113 1999 2187 de
2018 2115 2162 2188 tertium.
2185 2125 2219 2186 et

792 2271 896 2346 maria
917 2265 983 2338 filia
1005 2257 1088 2356 petri
1112 2254 1153 2326 de
1175 2253 1268 2324 leonc
1291 2245 1534 2320 audemundum
1552 2223 1592 2317 dc
1607 2249 1787 2316 memorato
1801 2241 1875 2313 1000
1889 2241 2072 2337 pomccaria
2097 2241 2220 2314 coniux

793 2393 935 2497 presenti
956 2383 1099 2482 stephani
1115 2383 1155 2453 de
1170 2385 1338 2450 caccuhsm
1361 2373 1402 2447 de
1426 2371 1562 2447 decivilc
1585 2373 1625 2444 de
1648 2371 1792 2441 tortium.
1818 2390 1876 2440 scu
1899 2367 2123 2441 theodonanda
2153 2352 2222 2440 11111

796 2516 948 2593 Iohannis
972 2514 1011 2584 ds
1034 2505 1237 2580 mastcleonc.
1259 2498 1383 2572 coniux
1405 2495 1546 2592 presenti
1574 2491 1670 2586 petri.
1702 2489 1769 2561 11110
1799 2491 1970 2562 memorati
2003 2490 2140 2562 caecuti.
2182 2491 2225 2562 do

796 2644 927 2719 tertium
960 2635 1024 2708 hoc
1054 2637 1104 2703 est
1134 2586 1296 2722 chgnatas.
1331 2623 1415 2693 ldost
1449 2619 1574 2709 integra
1607 2635 1674 2685 nna
1695 2611 1837 2704 corrigia
1866 2613 1906 2684 do
1936 2621 2022 2683 terra
2052 2635 2128 2682 mea
2152 2635 2222 2708 qne

797 2769 983 2848 nominatur
1015 2763 1050 2834 in
1084 2777 1198 2852 campo
1225 2754 1266 2826 de
1288 2747 1374 2821 lucia
1400 2745 1504 2842 posita
1527 2741 1563 2812 in
1588 2745 1769 2811 memorato
1792 2737 1865 2808 loco
1888 2737 2030 2809 tertium.
2053 2759 2119 2810 una
2143 2761 2221 2812 cum

705 2917 709 2928 ’
803 2897 971 2974 amoribus
994 2901 1028 2966 et
1055 2885 1226 2960 introitum
1256 2901 1353 2952 suum
1387 2871 1602 2962 omnibusque
1637 2865 1700 2938 sivi
1733 2863 1976 2958 pertinentibus.
2005 2862 2221 2939 coherentem

801 3025 863 3100 sivi
885 3021 950 3095 hah
973 3037 1041 3090 nno
1063 3011 1163 3086 101010
1185 3015 1272 3079 terra
1293 2997 1427 3074 iohanni
1460 2991 1635 3066 colciolurii
1657 2987 1716 3085 qui
1743 2987 1930 3068 nominatur
1960 2987 2156 3084 mahngoni,
2189 3003 2224 3065 θ(

801 3155 841 3226 10
865 3147 929 3220 alio
960 3143 1059 3218 latero
1092 3145 1178 3209 terra
1202 3126 1350 3206 iohannis
1377 3119 1528 3196 monachi
1550 3116 1619 3189 11110
1648 3114 1815 3210 quondam
1852 3112 1966 3186 cesarii
1999 3137 2058 3188 seu
2079 3123 2113 3188 et
2135 3125 2223 3188 sorra

804 3279 961 3354 heredum
984 3269 1150 3369 qnondam
1181 3259 1266 3360 petri
1295 3249 1447 3329 monachi
1473 3247 1532 3345 qni
1555 3242 1741 3318 nominatur
1762 3240 1932 3336 hutiaspe=
1957 3241 2007 3314 De
2031 3263 2098 3314 uno
2121 3244 2227 3338 capite

804 3419 890 3486 terra
906 3403 1040 3504 quidem
1054 3388 1272 3490 christophori
1288 3380 1414 3460 comiti.
1429 3379 1470 3454 ad
1483 3397 1563 3450 vcro
1578 3373 1642 3446 alio
1665 3372 1770 3468 capite
1794 3379 1842 3444 est
1868 3373 2007 3445 fundum
2030 3393 2140 3444 meum
2164 3373 2227 3467 qni

803 3537 887 3614 mihi
909 3527 1081 3608 rescrhuvi.
1104 3523 1188 3598 sicut
1210 3515 1294 3612 sepis
1318 3510 1449 3586 exfinat.
1474 3505 1525 3576 Dc
1548 3525 1615 3600 qun
1637 3499 1718 3574 nihil
1741 3499 1823 3572 mihi
1846 3499 1962 3572 exinde
1986 3498 2074 3572 intus
2094 3519 2227 3572 memo-

804 3671 890 3740 ratas
924 3651 1124 3732 coherentias
1156 3640 1307 3718 remansit
1340 3644 1397 3706 ant
1418 3625 1582 3702 rescrhavi
1604 3647 1664 3700 nec
1692 3625 1729 3696 in
1762 3621 1880 3696 alienas
1904 3643 2056 3716 personas
2078 3622 2228 3694 commisi

804 3797 1012 3892 potestatem:
1030 3783 1078 3854 Ita
1100 3781 1139 3848 nt
1160 3773 1204 3846 ha
1226 3787 1313 3842 nnnc
1338 3770 1371 3834 ct
1393 3759 1544 3852 deinceps
1567 3759 1743 3827 memorata
1765 3751 1889 3844 integra
1912 3747 2053 3843 corrigia
2076 3748 2118 3820 do
2140 3755 2228 3820 10110

806 3945 879 3996 mea
902 3939 967 4014 quo
998 3908 1184 3986 nominatur
1212 3899 1247 3972 in
1274 3913 1389 3989 cumpo
1413 3890 1454 3964 da
1476 3883 1562 3957 lucia
1594 3882 1697 3977 posita
1721 3881 1756 3952 in
1777 3883 1958 3952 memorato
1991 3876 2064 3948 loco
2094 3877 2225 3950 tertium

809 4067 885 4118 cum
908 4036 1078 4112 arvorihus
1100 4039 1134 4102 ct
1156 4023 1326 4100 introitum
1354 4039 1453 4092 suum
1481 4007 1697 4102 omnibusque
1725 4003 1788 4076 sivi
1815 4000 2060 4099 pcrtinentibus.
2090 4001 2229 4098 qualine

809 4161 1046 4264 prenominatos
1068 4147 1267 4226 coherentias
1289 4141 1491 4216 circumdans
1515 4155 1602 4205 nme
1629 4129 1722 4203 vohis
1748 4129 1790 4200 sit
1815 4127 2011 4200 venundatus
2037 4137 2071 4199 et
2100 4125 2230 4198 traditas

810 4291 871 4364 tihi
897 4291 1075 4360 memorata
1099 4279 1198 4351 drosu
1224 4269 1439 4344 medietatem.
1454 4269 1487 4333 et
1501 4257 1595 4332 vohis
1619 4261 1797 4330 memoratu
1824 4252 1925 4326 maria
1949 4259 1982 4324 01
2008 4251 2229 4325 theodomnda

811 4423 964 4512 cognatos
996 4409 1058 4480 nlia
1089 4403 1301 4481 medictatem.
1335 4395 1370 4467 in
1398 4393 1505 4465 vetra
1536 4381 1714 4478 veruque
1747 4377 1919 4452 heredibus
1950 4377 2015 4451 siut
2042 4385 2231 4472 potestatem

812 4539 972 4644 quidquid
1003 4535 1121 4612 exinde
1151 4533 1256 4604 iacere
1286 4519 1456 4598 volueritis
1487 4533 1614 4610 semper
1645 4508 1781 4582 liberam
1809 4505 1952 4580 1111101110
1973 4512 2175 4602 potestatem.
2201 4512 2234 4576 et

813 4679 919 4767 nequo
943 4693 963 4738 a
985 4689 1038 4740 me
1061 4665 1237 4735 memorata
1260 4671 1389 4749 gemm
1410 4643 1546 4718 honesta
1568 4636 1689 4714 teminn
1704 4659 1811 4732 neque
1828 4659 1849 4704 a
1864 4633 1944 4706 meis
1959 4629 2132 4706 herodibus
2145 4631 2233 4703 nullo

814 4805 959 4890 tempore
983 4807 1162 4883 numquam
1184 4803 1244 4855 ros
1265 4780 1444 4850 memorata
1468 4773 1568 4846 drosu
1592 4778 1625 4840 et
1649 4765 1762 4840 mnia.
1785 4781 1846 4836 seu
1869 4759 2095 4834 theodonanda
2109 4757 2174 4832 hoc
2188 4769 2235 4832 ost

815 4929 966 5019 cognatas
988 4925 1045 4989 aut
1067 4911 1201 4986 heredes
1222 4905 1337 4980 sostris
1360 4901 1450 5000 quod
1474 4899 1557 4972 ahsit
1578 4892 1723 4968 habeatis
1746 4889 1862 4963 exindo
1881 4885 2053 4985 aliqnando
2069 4907 2233 4982 quacum-

719 5037 738 5054 ²
817 5075 883 5148 que
905 5043 1147 5143 requisitionem
1171 5043 1228 5108 aut
1249 5029 1410 5104 molestias
1433 5047 1491 5121 per
1515 5021 1641 5094 nullum
1664 5019 1798 5092 modum
1813 5039 1873 5090 nec
1889 5037 1948 5112 per
1962 5013 2143 5088 summissis
2157 5035 2230 5108 per.
