4876 6532
1386 609 1512 700 (⁹8)

759 774 874 848 exinde
898 775 1003 844 fucere
1028 769 1216 841 uolueritis:
1243 777 1276 840 et
1298 789 1404 862 neque
1428 767 1556 838 anobis
1580 775 1760 838 memorato
1778 775 1870 860 petro
1886 770 2007 840 curiale
2024 781 2055 843 et
2071 777 2180 870 sergio

761 901 815 972 oui
838 921 934 994 supra
957 919 1076 968 nomen
1099 893 1220 988 pictulo
1245 891 1394 965 exudelfis
1418 891 1579 988 germanis
1609 914 1716 984 neque
1739 915 1757 960 a
1782 892 1898 962 nostris
1923 892 2095 966 heredibus
2120 921 2180 970 nec

760 1054 779 1100 a
802 1026 894 1097 nobis
917 1021 1061 1118 personis
1085 1019 1262 1090 summissis
1285 1017 1377 1089 nrrllo
1400 1027 1543 1111 tempore
1566 1040 1745 1112 numquam
1764 1041 1822 1090 vos
1839 1029 1895 1089 sut
1912 1023 2048 1114 posteris
2066 1026 2179 1097 vestris

761 1164 817 1230 uut
839 1161 1019 1226 memorato
1042 1163 1151 1222 sunoto
1166 1159 1201 1220 et
1215 1145 1391 1222 vonerabili
1407 1155 1514 1218 vestro
1530 1147 1726 1218 monasterio
1741 1147 1860 1219 ubertis
1873 1147 1991 1221 exinde
2008 1150 2179 1246 aliquando

724 1321 727 1330 ·
762 1291 906 1374 tempore
930 1297 1135 1372 quacumque
1159 1271 1403 1368 requisitionem
1428 1279 1483 1338 sut
1506 1269 1652 1340 molestia
1670 1295 1689 1340 e
1708 1295 1795 1346 nune
1810 1284 1843 1344 et
1858 1271 1893 1343 in
1909 1275 2073 1368 perpetuis
2089 1285 2178 1348 tenu

758 1406 914 1500 poribus:
935 1405 1073 1496 insuper
1097 1399 1187 1470 omni
1211 1408 1357 1489 tompore
1380 1416 1440 1466 nos
1456 1405 1489 1470 et
1502 1395 1700 1470 heredibus:
1728 1399 1846 1494 nostris
1861 1401 1957 1472 vobis
1972 1403 2174 1498 vertrisque:

761 1534 954 1606 heredibus:
986 1527 1123 1620 posteris
1147 1524 1265 1598 exinde
1288 1519 1401 1624 omnes
1422 1536 1588 1598 consortes
1610 1535 1738 1598 nosuos
1761 1527 1879 1598 eunde
1901 1528 2039 1622 desuper
2062 1530 2176 1602 toliere

762 1659 959 1730 debeamus:
997 1649 1241 1744 propterquod
1264 1647 1429 1722 utbioem
1458 1647 1491 1721 in
1523 1649 1810 1724 commutetionem
1835 1653 2017 1746 occepimus
2042 1680 2060 1724 a
2085 1655 2178 1726 uobis

763 1783 880 1856 exinde
904 1778 939 1850 in
963 1773 1117 1870 presentis
1141 1773 1222 1846 idest
1245 1774 1369 1870 integre
1393 1785 1479 1847 tem
1502 1784 1609 1847 vestro
1632 1799 1696 1869 que
1719 1775 1905 1848 nominetur
1928 1776 2022 1848 hines
2039 1781 2173 1850 metrica

762 1909 865 2003 positu
889 1903 934 1976 ibi
958 1903 1076 1997 ipsum¹
1089 1903 1124 1974 in
1142 1901 1374 1978 enuberenem
1396 1925 1462 1974 unu
1479 1923 1556 1974 cum
1572 1910 1790 1974 memoratum
1814 1902 2002 1976 intersicum
2027 1908 2176 1978 suumin

762 2035 868 2128 cupite
890 2032 1100 2104 coniunctum
1128 2042 1166 2102 ot
1195 2054 1272 2102 oum
1296 2029 1465 2102 arboribus
1500 2037 1534 2101 et
1566 2031 1737 2100 introitum
1763 2053 1860 2101 sunm
1884 2041 1917 2102 et
1939 2031 2092 2102 omnibus
2116 2035 2178 2105 sivi

762 2161 1017 2258 pertinentibus:
1056 2169 1094 2230 ut
1114 2160 1152 2230 ts
1183 2171 1293 2231 nostru
1325 2159 1530 2253 nostrisque:
1556 2157 1730 2229 heredibus
1754 2159 1818 2228 sint
1840 2169 1996 2252 potestute
2020 2161 2179 2256 quidquid

765 2287 882 2360 exinde
903 2287 1010 2356 iecere
1033 2275 1233 2360 voluerimus
1255 2285 1338 2358 sicut
1361 2283 1429 2376 ipsu
1453 2283 1599 2356 chartule
1615 2295 1724 2352 nostra
1741 2287 2001 2358 commutationis
2016 2287 2176 2358 continet:

761 2415 840 2510 quio
864 2415 909 2484 itu
931 2413 1154 2488 nobisstctit:
1181 2412 1217 2484 si
1240 2421 1348 2484 eutem
1372 2411 1465 2482 uliter
1489 2411 1658 2480 fecerimus
1682 2410 1722 2481 de
1745 2409 1797 2480 his
1816 2413 1972 2484 'omnibus
1994 2403 2181 2486 memoretis

703 2631 704 2634 Ἴ
766 2561 825 2633 per
849 2537 966 2632 quobis
989 2536 1124 2610 modum
1147 2544 1204 2606 sut
1226 2533 1406 2608 summissis
1427 2531 1572 2626 personis
1596 2541 1673 2602 tunc
1697 2533 1922 2626 componimus
1943 2557 2004 2606 nos
2029 2547 2063 2608 et
2078 2537 2181 2609 bere»

766 2667 860 2750 dibus
883 2664 999 2737 nostris
1024 2665 1084 2736 tivi
1111 2661 1240 2756 tuisque
1263 2661 1486 2756 posteriorum
1476 2659 1626 2732 solidos
1640 2659 1828 2754 trigintsscr
1842 2660 2047 2755 bythiuntcos
2067 2674 2100 2735 et
2116 2664 2176 2734 hec

770 2793 915 2866 chartula
938 2803 976 2862 ut
1008 2805 1104 2885 super
1139 2790 1257 2883 legitur
1280 2790 1321 2860 sit
1348 2791 1469 2862 mnu:
1504 2787 1633 2882 scripte
1652 2809 1710 2880 per
1728 2807 1847 2858 monus
1875 2786 2014 2860 inhorrui
2045 2791 2180 2862 Gmidis

727 2941 731 2946 ·
765 2941 823 3010 per
848 2922 1025 2988 memoratu
1049 2914 1161 3010 quinte
1185 2909 1513 3004 indictioue†
1876 2967 1879 2974 A

861 3045 971 3116 hoc
946 3034 1074 3137 signum
1097 3041 1127 3136 †
1150 3063 1264 3115 mensu
1296 3039 1468 3113 memorati
1492 3038 1590 3132 sergii
1619 3040 1673 3108 eui
1704 3060 1802 3132 supro
1825 3058 1946 3112 nomn
1957 2970 2094 3136 pistorio
2117 3063 2180 3136 ego

764 3177 824 3270 qui
846 3182 1039 3246 memoratos
1062 3171 1109 3242 ub
1126 3190 1200 3240 eum
1224 3179 1357 3262 rogetus
1374 3192 1441 3261 pro
1466 3191 1543 3238 eum
1563 3167 1741 3262 subscripsi

856 3300 891 3394 †
915 3323 977 3392 ego
999 3307 1109 3392 petrus
1132 3295 1263 3368 curialis
1285 3295 1460 3389 subscripsi
1484 3295 1515 3389 †
1693 3305 1696 3316 “
1832 3350 1836 3360 ,

860 3422 892 3516 †
916 3443 978 3515 ego
1001 3420 1171 3513 gregorius
1187 3419 1273 3490 filius
1289 3419 1428 3510 domini·
1425 3419 1579 3493 iohannis
1595 3429 1728 3512 rogetus
1740 3444 1764 3491 a
1777 3421 2006 3573 suprascriptis
2019 3423 2180 3514 munis

763 3553 850 3624 testis
874 3549 1047 3640 subscripsi
1070 3544 1100 3639 †
1928 3602 1934 3614 .

859 3677 976 3772 †ogo
999 3677 1153 3750 inhermes
1178 3677 1262 3750 filim
1285 3677 1411 3748 domiui
1434 3676 1583 3748 iohannis
1600 3689 1732 3771 rogetus
1748 3701 1767 3748 e
1785 3678 2010 3772 suprascripto
2019 3694 2181 3770 gumunrs
2229 3763 2233 3770 Ι

764 3809 837 3880 testi
861 3805 1032 3899 sulusripei
1056 3803 1089 3898 †

861 3931 891 4026 †
915 3955 999 4028 ego
994 3935 1054 4005 leo
1077 3933 1163 4005 filius
1186 3932 1309 4002 domini
1334 3932 1476 4022 gregorii
1499 3943 1632 4024 rogatus
1649 3956 1676 4003 a
1671 3935 1903 4028 suprascripto
1932 3933 2092 4028 germinis
2107 3934 2179 4003 testi

765 4058 936 4153 subscripsi
961 4055 991 4149 †
1111 4061 1113 4068 '

861 4188 892 4279 †
914 4190 986 4278 Ego
1011 4183 1164 4253 iohannes
1187 4179 1323 4250 Gurislis
1355 4167 1419 4272 quis
1435 4185 1630 4286 memoratos
1653 4193 1726 4276 post
1749 4186 2015 4282 subscriptionem
2050 4184 2179 4255 testium

755 4315 932 4409 ·Courplevi
957 4322 990 4384 et
1011 4303 1137 4380 absolvi
1159 4327 1220 4415 por
1243 4317 1418 4377 memoratu
1442 4309 1556 4402 quinte
1580 4310 1786 4386 indictionem
1811 4313 1841 4407 †
1908 4329 1910 4334 '
1965 4318 1969 4328 ⁴

1363 4705 1605 4745 *mm-
