4854 6528
1403 645 1547 740 (aot)

1407 938 1542 1014 CXLVI.

648 1221 697 1267 an.
861 1199 892 1294 †
908 1203 944 1270 ln
958 1201 1092 1272 nomine
1108 1197 1234 1270 domini
1249 1197 1301 1270 dei
1316 1195 1487 1268 salvatoris
1499 1197 1603 1267 nostri
1619 1193 1714 1268 ihesu
1727 1193 1849 1268 Christi
1864 1194 2049 1289 lmmrante
2063 1197 2199 1270 domino

625 1335 710 1396 971.
768 1335 879 1398 nostro
901 1325 1016 1399 basilio
1040 1346 1160 1416 magno
1183 1324 1379 1414 Imperatore
1403 1340 1488 1387 anno
1512 1320 1685 1404 undecimo
1708 1319 1765 1388 sed
1789 1327 1822 1388 et
1846 1319 2047 1390 constantino
2071 1343 2191 1414 magno

768 1455 963 1546 Imperatore
994 1452 1064 1522 eius
1087 1449 1186 1517 frater
1221 1465 1306 1514 anno
1341 1440 1480 1512 hoctabo
1504 1443 1556 1515 die
1579 1443 1731 1514 vicesima
1767 1449 1857 1514 sexte
1885 1443 2003 1514 mensis
2038 1445 2190 1518 februarii

768 1579 942 1648 indictione
966 1581 1081 1665 quarta
1104 1571 1228 1640 decima
1251 1569 1391 1663 neapoli:
1417 1567 1550 1640 Certum
1575 1577 1623 1639 est
1646 1591 1705 1640 nos
1730 1567 1875 1661 aligerno
1898 1567 1967 1640 filio
1984 1569 2117 1664 quidem
2134 1572 2193 1642 bo-

767 1703 826 1773 niti
852 1710 986 1769 stanna
1019 1693 1082 1764 hoc
1106 1703 1154 1764 est
1176 1691 1299 1787 iugales
1323 1693 1493 1764 abitatores
1517 1693 1551 1764 in
1575 1695 1702 1766 misna:
1729 1695 1759 1763 Α
1781 1693 1919 1786 presenti
1943 1694 1996 1766 die
2019 1698 2190 1768 venundo·

768 1827 875 1894 dimus
898 1831 930 1890 et
954 1817 1146 1888 tradidimus
1169 1815 1228 1887 tibi
1253 1819 1404 1911 gregorio
1427 1820 1563 1890 ferrario
1587 1819 1654 1891 tilio
1669 1819 1833 1916 quondam
1850 1819 1934 1890 leoni
1952 1821 2075 1892 terrarii
2093 1831 2188 1916 post-

767 1948 902 2017 modum
927 1965 1005 2016 vero
1021 1943 1193 2016 monachi:
1220 1941 1305 2016 idest
1320 1943 1446 2036 integra
1462 1967 1527 2016 una
1542 1946 1629 2040 petia
1646 1945 1686 2016 de
1701 1955 1787 2018 terra
1801 1957 1909 2017 nostra
1925 1969 1990 2041 que
2004 1949 2138 2041 ponitur
2151 1951 2185 2019 in

767 2093 882 2164 campo
907 2071 947 2140 de
970 2071 1077 2142 miana
1101 2093 1166 2141 una
1190 2091 1267 2142 cum
1290 2069 1460 2144 mboribus
1474 2079 1507 2142 at
1520 2072 1690 2144 introitum
1708 2095 1806 2146 suum
1821 2081 1854 2142 et
1868 2071 2018 2146 omuibus
2032 2073 2093 2144 siri
2108 2095 2189 2166 per-

767 2200 963 2272 tinentibus:
988 2197 1159 2270 coherente
1173 2198 1234 2270 sivi
1251 2197 1291 2269 ab
1303 2223 1368 2272 una
1383 2209 1474 2296 parte
1489 2209 1580 2297 parte
1594 2201 1727 2273 orientis
1743 2210 1829 2272 terra
1842 2201 1944 2271 maria
1958 2200 2068 2273 relicta
2084 2223 2190 2294 quon·

769 2331 844 2398 dam
869 2329 985 2398 andrea
1011 2325 1170 2396 tallarieo:
1196 2325 1284 2398 etde
1300 2325 1362 2397 alia
1378 2335 1469 2422 parte
1490 2337 1582 2421 parte
1604 2327 1777 2399 occidentis
1800 2326 1931 2400 coberet
1954 2337 2041 2398 terra
2064 2328 2174 2402 domin

769 2455 865 2543 sergii
889 2452 1079 2544 savignani:
1105 2449 1202 2522 etde
1225 2473 1292 2524 uno
1315 2452 1419 2546 eapite
1441 2451 1571 2524 coheret
1594 2461 1679 2522 terra
1703 2463 1810 2524 sancte
1833 2453 2033 2546 neapolitane
2047 2453 2182 2527 ecclesia

681 2663 683 2668 .
768 2579 861 2650 sicuti
886 2579 969 2648 inter
992 2600 1026 2649 se
1050 2577 1133 2669 sepis
1156 2576 1297 2649 extinat:
1320 2587 1353 2648 et
1376 2579 1416 2649 de
1432 2577 1496 2648 alio
1511 2576 1614 2672 capite
1626 2577 1758 2651 coberet
1773 2587 1858 2649 terra
1872 2581 2057 2653 monasterii
2071 2593 2184 2653 sancte

769 2707 901 2800 patricie
926 2707 1011 2778 unde
1034 2705 1117 2776 nibil
1140 2705 1233 2777 nobis
1257 2705 1374 2778 exinde
1397 2705 1530 2800 aliquod
1553 2709 1708 2780 remansit
1735 2719 1792 2779 aut
1814 2709 2052 2780 reserbavimus
2075 2729 2134 2778 nec
2158 2709 2191 2779 in

770 2833 872 2903 aliena
896 2855 1031 2926 persona
1055 2831 1278 2906 commisimus
1300 2839 1478 2925 potestate:
1504 2841 1554 2904 set
1576 2854 1617 2904 av
1640 2832 1774 2904 odierna
1797 2831 1850 2902 die
1873 2839 1906 2904 et
1930 2833 2078 2926 deinceps
2102 2833 2189 2904 iam-

770 2957 869 3028 dictas
894 2967 1087 3028 memoratas
1109 2968 1211 3028 terras
1235 2978 1300 3026 una
1323 2978 1400 3027 cum
1422 2955 1591 3027 arboribus
1616 2966 1649 3028 et
1671 2957 1841 3028 introitum
1864 2977 1961 3028 suum
1985 2966 2018 3028 et
2040 2957 2188 3030 omnibus

770 3081 832 3150 sivi
856 3079 1088 3173 pertinentibus
1111 3091 1271 3176 quatenus
1286 3081 1345 3154 tibi
1361 3081 1435 3154 illos
1450 3105 1508 3176 per
1522 3093 1716 3156 memoratas
1732 3081 1931 3155 coherenties
1954 3083 2188 3156 insinuavimus

770 3210 855 3280 sicut
878 3211 1026 3304 superius
1048 3209 1168 3302 legitur
1193 3209 1329 3282 anobis
1353 3209 1413 3281 tibi
1436 3211 1479 3282 sit
1501 3211 1697 3282 venundatae
1717 3221 1750 3281 et
1766 3211 1898 3282 cadius
1921 3211 1956 3282 in
1979 3221 2035 3283 tua
2059 3213 2187 3307 tuisque

770 3335 944 3406 heredibus
967 3337 1031 3407 sint
1053 3344 1209 3430 potestate
1233 3359 1365 3432 queque
1388 3338 1505 3410 exinde
1535 3340 1640 3409 facere
1672 3334 1840 3408 volueritis
1876 3335 2011 3408 liberam
2045 3336 2187 3409 babeatis

769 3479 948 3561 potestate:
974 3477 1007 3539 et
1030 3491 1137 3562 neque
1161 3491 1180 3537 a
1203 3466 1296 3539 nobis
1320 3491 1428 3562 neque
1452 3491 1471 3536 a
1495 3467 1613 3538 nostris
1637 3465 1809 3537 heredibus
1826 3465 1879 3537 vel
1894 3491 1913 3535 a
1927 3465 2019 3536 nobis
2042 3467 2187 3559 personis

768 3593 947 3666 summissis
970 3593 1060 3665 nullo
1084 3603 1231 3687 tempore
1253 3613 1433 3686 numquam
1457 3600 1494 3661 tu
1519 3601 1576 3660 aut
1600 3589 1734 3662 heredes
1757 3589 1823 3662 tuis
1846 3591 1934 3685 quod
1962 3589 2044 3661 absit
2066 3589 2187 3664 abeatis

768 3720 884 3790 exinde
906 3741 1113 3815 quacumque
1136 3717 1346 3812 requisitione
1369 3725 1426 3786 aut
1448 3714 1595 3786 molestia
1618 3713 1661 3786 ba
1683 3737 1770 3786 nunc
1793 3725 1826 3790 et
1849 3719 1884 3787 in
1908 3715 2071 3810 perpetuis
2095 3723 2185 3788 mm·

766 3838 918 3938 poribu's:
942 3849 1076 3941 insuper
1099 3846 1187 3918 omni
1211 3854 1356 3940 tempora
1379 3867 1438 3918 nos
1462 3854 1496 3918 et
1517 3843 1652 3917 heredes
1675 3845 1791 3916 nostris
1815 3845 1932 3918 exinde
1948 3846 1989 3916 ab
2004 3841 2095 3918 omni
2119 3843 2185 3916 bo-

766 3971 854 4040 mine
877 3972 1032 4064 omnique
1054 3993 1191 4065 persona
1213 3970 1248 4041 in
1270 3969 1421 4042 omnibns
1444 3969 1503 4040 tibi
1527 3971 1655 4065 tuisque
1679 3969 1850 4044 heredibus
1882 3980 2040 4044 antestare
2064 3981 2096 4042 et
2120 3971 2183 4043 de-

765 4096 889 4166 iensare
914 4093 1086 4166 debeamus
1110 4104 1241 4188 propter
1263 4096 1354 4190 quod
1376 4095 1558 4189 accepimus
1573 4118 1592 4164 a
1607 4103 1640 4164 te
1662 4093 1745 4164 idest
1768 4094 1840 4164 auri
1864 4095 1926 4165 tari
1950 4095 2062 4166 decem
2087 4103 2120 4165 et
2137 4117 2186 4166 se·

766 4229 854 4313 ptem
883 4231 921 4292 ut
948 4221 1032 4292 inter
1063 4220 1155 4293 nobis
1183 4223 1368 4295 combenit:
1399 4223 1433 4292 Si
1461 4229 1569 4293 autem
1597 4241 1656 4291 nos
1690 4227 1747 4290 aut
1775 4220 1908 4294 heredes
1939 4223 2055 4295 nostris
2089 4220 2183 4292 aliter

765 4349 933 4420 fecerimus
957 4349 996 4420 de
1020 4347 1071 4419 bis
1094 4347 1244 4420 omnibus
1265 4346 1452 4422 memoratis
1475 4355 1553 4416 tunc
1586 4347 1811 4440 componimus
1834 4347 1893 4418 tibi
1917 4349 2047 4444 tuisque
2082 4347 2184 4420 here-

766 4476 858 4550 dibus
882 4478 953 4549 auri
981 4477 1099 4550 solidos
1125 4477 1242 4571 biginti
1265 4475 1466 4571 bytbianteos
1490 4481 1523 4544 et
1545 4473 1606 4544 hec
1628 4473 1774 4545 chartula
1800 4475 1842 4547 sit
1865 4475 1956 4546 firma
1982 4477 2100 4570 scripta
2123 4497 2181 4568 per

764 4623 877 4672 manus
901 4601 1048 4674 iohannis
1071 4603 1201 4674 curialis
1224 4623 1283 4696 per
1304 4607 1482 4673 memorata
1512 4597 1686 4672 indictione
1709 4597 1740 4693 †
1763 4599 1826 4670 hoe
1854 4600 1984 4692 signum
2008 4597 2039 4694 †
2063 4621 2177 4672 manus

763 4738 940 4796 memorato
963 4727 1105 4820 aligerno
1131 4739 1163 4801 et
1186 4751 1267 4800 anna
1290 4727 1413 4822 iugales
1445 4725 1534 4826 quud
1556 4747 1619 4822 ego
1642 4747 1702 4820 pro
1725 4725 1772 4800 eis
1796 4725 1970 4821 subscripsi
1993 4735 2026 4798 et
2048 4747 2181 4798 memo·

763 4850 824 4919 rati
848 4851 910 4922 tari
935 4854 1098 4929 consessus
1121 4853 1301 4950 percepisse
1324 4850 1355 4944 †
