4876 6532
881 629 1027 726 (sss)

889 915 996 988 cxln.

826 1174 952 1248 Christe
976 1177 1050 1248 tave

321 1435 413 1531 †1n
436 1433 569 1508 nomine
585 1431 708 1506 domini
728 1431 781 1506 dei
796 1431 963 1504 salvatoris
977 1432 1089 1504 nostri
1118 1431 1214 1504 lhesu
1241 1429 1361 1503 Christi
1385 1433 1564 1528 imperante
1589 1437 1649 1508 do·
1715 1462 1772 1508 an.

227 1561 316 1634 mino
339 1571 451 1634 nostro
474 1557 655 1655 nioiphorio
678 1580 798 1652 magno
820 1558 1018 1654 Imperatore
1042 1581 1127 1628 anno
1142 1559 1282 1630 seeundo
1298 1557 1350 1630 die
1366 1559 1516 1631 vicesima
1532 1567 1650 1638 mensis
1700 1570 1785 1635 965.

225 1691 306 1763 iunii
330 1691 505 1763 indictione
536 1688 674 1761 boctsba
708 1687 858 1782 neapoli:
897 1687 1028 1758 Certum
1056 1693 1104 1758 est
1126 1709 1180 1758 me
1203 1685 1308 1780 aiigisi
1343 1685 1446 1759 filium
1483 1693 1647 1785 quondam

224 1814 371 1908 stephani
395 1835 548 1886 unacum
563 1813 728 1886 voluntate
751 1811 906 1907 pinsentis
920 1809 1017 1882 oioire
1033 1811 1172 1904 coniuge
1195 1835 1267 1882 mea
1291 1811 1524 1887 habitatoribus
1540 1829 1647 1887 autem

222 1938 257 2008 in
281 1938 355 2008 1333
378 1938 437 2033 qni
460 1945 595 2010 iocatur
617 1937 781 2012 iaibanum
804 1936 968 2009 territorio
991 1936 1168 2030 paludnuo:
1201 1940 1231 2008 A
1253 1939 1390 2032 presenti
1415 1942 1467 2014 die
1490 1943 1649 2036 promtis·

223 2065 303 2136 simu
328 2064 492 2136 voluntate
516 2088 577 2160 pro
600 2065 722 2138 domini
753 2087 897 2138 ammore
928 2073 961 2136 et
991 2064 1174 2137 salbationis
1202 2065 1307 2139 anime
1333 2071 1496 2162 quondam
1524 2071 1648 2142 domini

224 2189 365 2286 palumbi
387 2191 578 2262 venerabilis
601 2189 779 2286 presbyteri
802 2189 851 2262 thi
875 2194 939 2264 mei
963 2189 1022 2287 qui
1045 2191 1107 2261 fuit
1129 2201 1293 2264 manentes
1320 2193 1355 2264 in
1373 2203 1552 2267 memorato
1576 2201 1649 2272 loto

174 2391 178 2396 .
225 2318 398 2392 tabanum.
425 2320 597 2392 offeremus
618 2328 651 2388 31
674 2319 776 2392 offero
799 2327 896 2414 atque
920 2319 1012 2390 trado
1036 2319 1095 2390 tibi
1118 2341 1140 2388 3
1162 2317 1254 2390 beate
1278 2320 1427 2394 eufimius
1449 2321 1568 2398 Christi
1591 2349 1649 2398 sa-

226 2441 379 2514 cerdotes.
416 2449 449 2514 et
472 2463 531 2534 per
553 2439 643 2512 1313
666 2440 799 2512 eeclesia
831 2463 896 2536 que
920 2466 938 2511 3
962 2443 1093 2513 nomine
1116 2451 1173 2514 tuo
1206 2443 1351 2517 edificata
1375 2457 1423 2519 est
1445 2447 1532 2522 intus
1565 2451 1648 2524 hanc

230 2567 392 2640 civitatem
414 2563 558 2661 neapolis
571 2564 606 2637 in
622 2565 697 2637 vico
712 2564 771 2660 qui
785 2563 983 2660 vocatnrsoi
998 2572 1031 2636 et
1044 2563 1120 2637 luna
1136 2565 1171 2636 in
1187 2588 1232 2662 qu
1240 2617 1346 2640 .....
1353 2571 1503 2646 videlieet
1518 2575 1650 2647 domino

226 2697 377 2790 gregorio
399 2676 575 2770 venerabili
598 2693 787 2790 presbytero
810 2699 843 2764 et
867 2692 994 2766 medico
1017 2699 1125 2765 custus
1161 2717 1229 2768 esse
1255 2697 1385 2770 videris.
1408 2699 1493 2773 idest
1526 2676 1650 2778 inolitas

227 2825 304 2896 duas
328 2831 429 2894 terras
452 2845 539 2923 meas
562 2822 597 2892 in
621 2843 687 2894 uno
711 2821 873 2892 ooniuctas
896 2819 1015 2914 positas
1039 2819 1073 2890 in
1096 2831 1276 2894 memorato
1300 2823 1373 2896 loco
1395 2827 1551 2900 iaisauum
1573 2851 1650 2903 oum

226 2947 396 3019 amoribus
419 2953 452 3018 et
474 2945 621 3018 introitus
644 2967 718 3018 suas
745 2953 778 3018 et
801 2943 951 3016 omnibus
974 2943 1021 3016 eis
1044 2945 1276 3040 pertinentibus
1303 2947 1499 3041 pertinentes
1521 2953 1604 3024 mibi
1628 2981 1647 3026 a

226 3071 388 3168 qnondam
411 3085 590 3142 memorato
615 3047 747 3143 domino
764 3071 926 3144 dominico
940 3071 1116 3172 uenerabiii
1129 3072 1320 3169 presbytero
1335 3073 1406 3146 thio
1421 3098 1507 3148 meo.
1533 3087 1566 3150 et
1582 3101 1650 3150 no-

225 3203 368 3274 minatur
391 3225 455 3274 una
481 3225 524 3273 ex
546 3227 584 3274 ea
609 3213 691 3274 terra
715 3207 748 3272 31
770 3199 910 3296 sipicella
934 3210 967 3274 31
982 3201 1114 3274 33133331
1128 3201 1190 3275 sibi
1207 3204 1247 3277 da
1263 3225 1331 3276 uno
1354 3206 1453 3280 latere
1468 3217 1646 3282 memorata

227 3331 285 3400 alia
310 3341 393 3402 terra
416 3352 488 3402 mea
512 3353 610 3426 quam
634 3331 752 3403 iterum
775 3329 834 3400 tibi
853 3328 993 3400 offeruit.
1012 3337 1045 3400 et
1068 3329 1109 3401 de
1133 3329 1197 3399 alio
1220 3329 1319 3402 latere
1334 3341 1426 3425 parte
1448 3333 1647 3408 hoocidentis

226 3470 308 3529 terra
333 3459 468 3531 heredes
490 3459 655 3554 qnondam
678 3457 811 3530 iohanni
833 3457 882 3528 thi
906 3456 974 3528 mei
1002 3465 1035 3529 et
1057 3465 1144 3530 terra
1168 3456 1302 3530 heredes
1334 3461 1498 3552 quondam
1523 3461 1648 3534 domini

227 3587 377 3658 dominici
391 3587 569 3683 presbyteri
596 3585 643 3657 thi
658 3586 723 3658 mei
736 3595 769 3658 et
786 3587 825 3657 de
843 3583 907 3656 alio
925 3583 1645 3685 33311313333333333311133331133333331333

224 3711 436 3806 prenominati
461 3709 613 3782 dominini
637 3708 817 3804 presbyteri
844 3709 994 3780 thimei.
1019 3717 1051 3782 31
1074 3733 1118 3781 ex
1141 3709 1205 3780 alio
1230 3711 1333 3804 capite
1359 3711 1410 3782 via
1436 3710 1647 3809 publicaque

216 3839 328 3934 pergit
352 3847 384 3910 at
409 3840 536 3910 formo:
563 3843 595 3910 et
618 3849 795 3909 memorata
818 3833 904 3906 halia
928 3843 1014 3906 terra
1037 3845 1085 3908 est
1107 3837 1161 3908 1113
1185 3860 1250 3932 qne
1274 3840 1438 3934 quondam
1466 3851 1648 3912 memorato

225 3963 355 4035 domiuo
379 3963 535 4059 palumvo
557 3961 745 4058 presbytero
770 3959 840 4032 thio
855 3983 930 4033 meo
946 3969 1067 4032 3331313
1081 3961 1196 4034 habuit
1212 3989 1230 4032 a
1245 3963 1376 4058 quidem
1391 3963 1523 4034 domiuo
1539 3965 1646 4058 sergio

224 4090 291 4160 11113
313 4089 478 4187 quondam
502 4085 626 4160 domini
649 4085 800 4158 iohannis
827 4086 921 4158 Unde
943 4083 1025 4157 nibil
1048 4086 1131 4158 mihi
1148 4087 1265 4160 exinde
1281 4083 1406 4183 aliquot
1422 4091 1576 4162 remansit
1593 4101 1648 4163 aut

223 4213 384 4285 resorberi
406 4233 466 4284 nee
490 4211 524 4283 in
548 4209 651 4282 aliena
673 4209 832 4306 cuiusque
853 4233 990 4306 persona
1014 4211 1104 4307 quod
1118 4211 1201 4284 absit
1220 4213 1335 4284 comisi
1358 4223 1414 4285 aut
1428 4214 1493 4288 iam
1508 4217 1647 4290 comisto

224 4345 400 4432 potestate:
426 4336 531 4410 setin
555 4343 610 4406 tua
635 4359 656 4408 o
679 4333 772 4408 beato
794 4335 945 4408 eutimius
969 4326 1088 4408 Christi
1111 4337 1291 4410 sacerdotes
1316 4346 1347 4409 31
1369 4361 1429 4431 per
1451 4347 1484 4411 13
1507 4342 1547 4414 ds
1571 4363 1647 4414 me·

223 4477 345 4538 morata
368 4465 501 4539 eeclesia
523 4471 580 4536 tua
604 4463 663 4560 qui
686 4471 720 4534 31
741 4465 867 4536 nomini
889 4474 948 4537 tuo
971 4466 1116 4538 edificata
1140 4473 1189 4536 est
1219 4467 1256 4536 in
1279 4475 1460 4538 memorato
1488 4468 1563 4540 vioo
1588 4472 1646 4566 qni

223 4605 358 4668 tueatur
380 4595 429 4666 sol
451 4601 483 4668 31
505 4592 582 4666 lunn
613 4593 708 4666 etde
738 4594 886 4664 custodes
920 4603 1098 4665 memorata
1133 4593 1265 4664 eeclesia
1295 4593 1451 4688 presentis
1474 4604 1507 4667 et
1529 4599 1647 4669 futuris

222 4723 262 4794 sit
284 4729 441 4818 potestate
462 4723 590 4796 tenendi
613 4729 646 4793 et
670 4721 856 4797 dominandi
878 4722 1006 4792 fruendi
1030 4729 1063 4792 et
1086 4721 1275 4794 comedendi
1300 4747 1319 4794 3
1341 4745 1429 4795 3333
1452 4733 1483 4795 31
1506 4727 1541 4796 13
1564 4749 1646 4821 per-

222 4849 327 4943 petuis
349 4846 559 4942 temporibus.
581 4855 615 4919 31
639 4867 745 4941 neque
770 4869 788 4915 3
809 4867 861 4916 me
885 4857 1065 4918 memorato
1089 4848 1191 4941 eligisi
1216 4872 1291 4920 cum
1316 4852 1481 4926 voluntate
1505 4855 1644 4947 presenti

223 4983 398 5050 memorate
432 4975 529 5048 oicire
551 4974 699 5070 coniugis
731 4995 802 5046 mee
838 4997 944 5072 neque
969 5001 988 5046 a
1011 4976 1091 5048 meis
1124 4977 1295 5054 heredibus
1325 5003 1384 5054 333
1408 5007 1426 5054 3
1448 4981 1541 5056 nobis
1563 5005 1644 5076 per-
