4876 6532
1394 583 1512 680 (σο)

747 763 896 836 campum
923 749 956 812 at
979 763 1095 811 nucem
1117 740 1174 835 qui
1197 738 1230 809 in
1254 737 1393 811 divisum
1415 738 1555 811 reiacent
1578 739 1646 832 ipsa
1669 739 1762 811 tertia
1780 749 1833 810 tua
1849 765 1947 835 mam
1972 741 2052 814 mibi
2069 765 2166 816 com-

746 869 919 941 mutastitis
943 890 1019 938 oum
1043 867 1105 937 alie
1129 867 1192 938 due
1215 864 1299 959 parti
1320 887 1390 936 mee
1413 888 1456 935 ex
1478 863 1547 958 ipsa
1571 873 1656 935 terra
1679 873 1713 953 et
1736 863 1829 935 nobis
1852 867 1992 958 pertinet
2014 892 2073 962 per
2089 891 2163 942 me-

746 994 879 1066 moratis
912 991 1111 1085 genitoribus
1146 991 1265 1061 nostris
1297 989 1426 1060 insimul
1459 1011 1535 1059 oum
1559 988 1728 1059 arboribus
1761 999 1794 1060 et
1817 989 1988 1062 introitum
2011 1015 2106 1064 suam
2131 1005 2164 1067 et

744 1120 894 1190 omnibus
917 1119 978 1190 sivi
1001 1117 1258 1212 pertinentibus=
1291 1127 1323 1188 et
1346 1119 1386 1187 ud
1409 1117 1478 1211 ipsu
1500 1118 1630 1188 ooberet
1660 1115 1700 1186 ab
1725 1138 1792 1188 uno
1816 1098 1915 1188 latere
1939 1128 2025 1188 terra
2050 1123 2162 1194 mundi

745 1242 949 1314 mannarini:
975 1251 1008 1312 et
1031 1241 1072 1310 ab
1091 1239 1155 1310 alio
1178 1241 1277 1312 latere
1290 1251 1376 1311 terra
1399 1241 1533 1312 heredes
1556 1241 1679 1312 domini
1707 1241 1891 1312 christofori
1914 1243 1972 1314 tbii
2000 1244 2101 1314 nostri
2131 1255 2164 1318 et

744 1368 785 1439 ab
808 1389 876 1439 uno
898 1366 1001 1460 eapite
1024 1364 1157 1435 cubaret
1178 1366 1313 1434 fossatus
1336 1365 1395 1457 qui
1418 1365 1537 1434 erdnat
1560 1363 1645 1434 inter
1668 1387 1728 1434 nos
1751 1375 1784 1435 et
1800 1373 1886 1436 terra
1911 1367 1950 1438 de
1970 1367 2063 1438 illum
2083 1391 2162 1440 car-

744 1494 859 1566 dillum
881 1502 914 1564 et
936 1492 977 1560 ab
993 1490 1057 1560 alio
1081 1491 1185 1582 capite
1208 1491 1341 1560 ooberet
1361 1488 1415 1561 via
1439 1490 1568 1584 publioa
1582 1490 1646 1561 boo
1660 1500 1708 1563 est
1724 1492 1848 1563 cultum
1871 1503 1904 1566 et
1921 1479 1987 1566 non
2010 1497 2157 1567 uultum:

743 1622 828 1693 uude
851 1617 931 1688 nihil
955 1615 1012 1684 tibi
1041 1615 1156 1686 exinde
1180 1615 1310 1710 aliquod
1333 1615 1419 1686 intus
1442 1617 1526 1710 ipsas
1549 1615 1749 1686 coherentias
1773 1617 1904 1712 aliquod
1927 1622 2080 1692 remansit
2100 1632 2158 1695 aut

743 1739 926 1814 reserbastis
952 1749 989 1808 ut
1012 1739 1047 1809 in
1071 1763 1143 1809 mea
1158 1741 1303 1834 meisque
1319 1743 1490 1814 heredibus
1504 1743 1546 1812 sit
1560 1749 1715 1834 potestate
1739 1743 1899 1838 quidquid
1917 1747 2033 1819 exinde
2050 1749 2155 1818 facere

740 1867 939 1938 voluerimus
963 1866 1041 1959 quia
1063 1867 1110 1936 sio
1134 1868 1219 1940 inter
1244 1865 1340 1938 nobis
1359 1867 1546 1938 combenit:
1571 1867 1599 1938 si
1623 1878 1732 1938 autem
1748 1867 1840 1940 aliter
1857 1871 2027 1940 feoerimus
2051 1873 2090 1942 de
2107 1871 2157 1941 bis

739 1989 890 2062 omnibus
913 1991 1087 2061 nominatis
1111 2014 1170 2085 per
1193 1973 1310 2085 quovis
1345 1993 1478 2064 modum
1507 2000 1564 2062 aut
1585 1991 1765 2062 summissis
1788 1992 1934 2085 personis
1957 2003 2034 2062 tunc
2057 2017 2153 2066 com-

738 2142 824 2215 pono
847 2141 908 2212 ego
933 2125 965 2188 et
988 2117 1124 2188 heredes
1148 2117 1228 2190 meis
1253 2119 1311 2188 tibi
1335 2119 1463 2214 tuisque
1497 2119 1671 2192 heredibus
1704 2117 1776 2190 auri
1799 2118 1920 2188 solidos
1942 2119 2074 2213 triginta
2097 2143 2155 2194 sex

739 2242 942 2336 bytbianteos
965 2249 997 2312 et
1011 2240 1072 2310 bec
1089 2239 1237 2310 chartula
1253 2241 1514 2314 commutationis
1531 2251 1568 2313 ut
1584 2265 1681 2336 super
1699 2242 1819 2336 legitur
1834 2247 1876 2314 sit
1890 2243 1982 2314 firma
1998 2267 2006 2312 :
2032 2245 2150 2339 scripta

714 2415 725 2436 .
737 2391 797 2460 per
820 2388 934 2446 manus
957 2363 1089 2434 iohanni
1113 2361 1245 2432 curialis
1267 2386 1326 2454 por
1349 2365 1513 2432 nominata
1537 2365 1716 2436 indictione
1738 2363 1770 2457 †

834 2493 898 2564 boo
922 2492 1050 2586 signum
1074 2488 1104 2582 †
1128 2509 1241 2558 manus
1264 2488 1421 2560 nominati
1443 2487 1590 2582 stephani
1613 2489 1703 2582 quod
1725 2511 1787 2582 ego
1811 2489 1869 2584 qui
1889 2493 2071 2564 nominatos
2088 2516 2149 2588 pro

741 2639 816 2690 enm
840 2618 1013 2714 subscripsi
1037 2620 1068 2713 †

836 2745 867 2836 †
890 2769 953 2839 ego
977 2746 1109 2818 bunius
1131 2743 1216 2816 filius
1239 2739 1364 2814 domini
1387 2737 1471 2832 petri
1494 2744 1627 2831 rogatus
1651 2762 1672 2808 a
1694 2739 1911 2834 suprascripto
1937 2741 2063 2814 stefano
2081 2745 2152 2818 testi

739 2870 912 2965 subscripsi
935 2871 965 2966 †
1592 2888 1595 2894 ’

835 2993 867 3087 †
891 3017 953 3088 ego
976 2996 1029 3066 leo
1052 2994 1137 3068 fitius
1161 2995 1284 3066 domini
1306 2991 1456 3066 iohannis
1479 3004 1613 3089 rogatus
1641 3017 1661 3064 a
1689 2992 1905 3088 suprascripto
1927 2995 2050 3068 stefano
2081 3000 2150 3068 testi

740 3118 913 3213 subscripsi
936 3117 967 3212 †

839 3242 956 3336 †ego
980 3241 1135 3314 iobannas
1157 3242 1243 3314 filius
1274 3244 1397 3316 domini
1427 3243 1526 3338 sergii
1558 3251 1739 3339 rogatusa
1773 3244 1995 3344 suprascripto
2027 3249 2149 3318 stefano

738 3369 812 3440 testi
836 3369 1008 3464 subscripsi
1031 3368 1062 3462 †

836 3489 963 3586 †Ego
987 3493 1118 3566 ioannes
1140 3495 1276 3568 Curialis
1310 3498 1370 3591 qni
1402 3505 1599 3570 memoratos
1633 3505 1706 3590 post
1728 3494 1991 3590 subscriptionem
2020 3497 2148 3570 testium
2260 3513 2272 3534 ⁰

739 3619 906 3716 Complevi
931 3629 963 3692 et
986 3620 1107 3694 absolvi
1134 3644 1194 3716 pro
1216 3633 1394 3696 memorata
1417 3625 1529 3720 quino
1554 3624 1676 3696 decima
1698 3623 1871 3696 indictione
1894 3619 1925 3716 †
