4854 6528
321 1157 353 1253 †
374 1161 412 1230 In
427 1159 559 1230 nomine
574 1156 702 1232 domini
713 1155 767 1228 dei
777 1153 947 1228 salvatoris
963 1157 1065 1228 nostri
1081 1155 1176 1230 ihesu
1190 1156 1311 1232 Christi
1326 1163 1506 1257 imperante
1522 1167 1654 1246 domino
1727 1193 1778 1242 en.

230 1293 340 1358 nostro
364 1284 476 1356 besilio
499 1307 620 1377 magno
643 1283 840 1376 Imperatore
864 1307 961 1354 enno:
987 1307 1088 1356 nono:
1115 1285 1171 1358 sed
1188 1295 1221 1358 et
1238 1286 1388 1360 niciforio
1404 1297 1437 1360 et
1453 1298 1652 1370 constentino
1703 1304 1793 1370 969.-

228 1408 352 1503 magnis
374 1407 622 1502 imperatoribus
644 1430 729 1480 enno
746 1414 850 1478 sexto:
870 1406 1032 1480 distortio
1056 1407 1186 1480 mensis:
1212 1407 1349 1480 ianuarii
1365 1409 1539 1486 indictione
1562 1417 1651 1488 dno-

227 1534 352 1608 deciurn
377 1533 525 1629 neapolit
551 1534 682 1606 Cortum
706 1543 755 1606 est
776 1557 830 1606 me
855 1533 963 1626 sergio
986 1534 1045 1628 qui
1068 1532 1254 1606 nominator
1276 1537 1440 1608 matanulo
1456 1539 1526 1612 filio
1540 1563 1652 1636 quon-

226 1665 304 1736 dam
326 1665 395 1738 ursi
418 1664 589 1737 evitetores
612 1667 750 1738 deloco
777 1665 836 1761 qui
867 1675 1004 1738 vocatur
1038 1673 1172 1738 centurn
1206 1664 1371 1738 territorio
1404 1667 1589 1744 liburinno:
1620 1677 1651 1746 Α

226 1790 367 1883 presenti
390 1789 443 1862 die
466 1791 626 1885 promicto
649 1790 709 1864 tiri
724 1791 858 1866 domino
874 1791 1031 1886 stephano
1046 1790 1143 1862 militi
1162 1789 1230 1862 filio
1246 1793 1411 1888 quondam
1426 1795 1549 1868 domini
1564 1797 1651 1870 leoni

69 1931 75 1944 ·
224 1913 352 1986 dudum
373 1913 470 1988 militi
494 1915 700 2009 postmodum
722 1937 802 1986 vero
826 1911 1011 1986 monacho:
1046 1919 1178 2006 propter
1208 1915 1296 2008 quod
1320 1922 1357 1987 tu
1379 1925 1560 1989 memorato
1582 1922 1650 1992 do-

226 2038 323 2110 mino
345 2040 500 2133 stephano
523 2039 655 2113 dedistis
677 2039 760 2111 mibi
784 2047 817 2110 et
839 2039 1052 2110 lavornndonr
1074 2039 1233 2134 kempum
1255 2047 1349 2112 tunm
1365 2039 1424 2136 qni
1440 2052 1574 2118 vootur
1590 2055 1650 2114 tu-

222 2165 390 2238 rinianum
416 2169 557 2260 positum
580 2167 616 2237 in
638 2173 820 2239 memorato
842 2163 915 2237 loco
938 2165 1105 2236 territorio
1127 2165 1288 2240 liburiano
1312 2171 1402 2265 quod
1425 2179 1524 2241 sonte
1543 2173 1649 2244 modia

221 2290 431 2385 quindecim:
457 2291 492 2362 in
515 2313 558 2362 eo
579 2289 667 2362 enim
691 2297 803 2360 tenore
827 2299 864 2358 ut
887 2312 951 2382 ego
972 2289 1045 2361 illos
1069 2299 1149 2362 anto
1170 2299 1316 2386 tempore
1343 2315 1426 2366 vene
1450 2303 1482 2366 et
1506 2295 1649 2390 diligen·

221 2423 276 2490 ter
298 2414 446 2486 brorrre
469 2424 503 2485 et
524 2412 718 2486 comminare
741 2414 856 2482 deveas
879 2413 968 2484 omni
993 2436 1099 2486 annue
1121 2423 1154 2517 et
1177 2413 1289 2500 bennui
1313 2439 1388 2490 meo
1411 2418 1592 2513 expendio:
1617 2427 1650 2492 et

224 2543 461 2641 quoddamque
481 2540 603 2614 ividem
625 2540 740 2612 homni
763 2561 868 2612 annue
893 2540 975 2612 mihi
997 2542 1148 2614 dominus
1163 2546 1242 2618 dens
1258 2547 1383 2618 dederit
1397 2567 1496 2645 super
1510 2568 1562 2620 me
1577 2547 1650 2620 illos

221 2671 345 2747 collos
366 2678 399 2740 et
421 2669 528 2742 levore
552 2668 680 2742 dorus:
707 2667 931 2740 tantummodo
955 2689 1018 2760 ego
1040 2668 1099 2739 tivi
1122 2669 1237 2744 exinde
1252 2671 1364 2746 hcmni
1388 2695 1496 2747 annue
1518 2673 1593 2746 dore
1617 2682 1650 2744 rt

222 2795 378 2868 ntducere
401 2794 517 2866 devere
540 2791 657 2897 exinde
680 2790 716 2862 in
740 2790 897 2885 dnbplunt
924 2791 1112 2863 matteum
1138 2791 1252 2868 hornud
1275 2817 1379 2868 annue
1402 2797 1444 2870 de
1466 2798 1555 2894 quod
1578 2797 1651 2868 ivi-

220 2922 303 2996 dem
314 2943 373 3017 pen
386 2927 532 3015 tempore
553 2918 865 2992 semmineverimust
884 2918 953 2990 eine
968 2917 1058 2990 omni
1074 2921 1386 2994 nmmerikntionem:
1404 2897 1481 3018 quie
1497 2926 1543 2996 ite
1557 2924 1652 2996 nobie

220 3044 373 3141 plecuitz
396 3042 433 3115 Si
455 3051 563 3116 cutem
586 3043 679 3116 diter
701 3043 871 3116 fecerimus
894 3043 937 3116 de
957 3042 1022 3114 ibis
1043 3041 1219 3116 bonoribus
1241 3047 1427 3116 memoratis
1449 3070 1509 3141 per
1531 3049 1649 3144 quobis

222 3171 363 3246 modom
386 3178 444 3242 eut
464 3168 643 3242 summissis
666 3169 836 3264 personis:
862 3176 940 3242 tnnc
963 3191 1126 3264 compono
1147 3194 1211 3266 ego
1232 3181 1265 3244 et
1288 3169 1462 3246 heredibus
1484 3173 1566 3247 noeis
1589 3175 1650 3246 tiri

218 3300 354 3396 tuisque
376 3296 568 3372 heredibus:
586 3295 659 3370 nuri
672 3295 791 3369 solidos
814 3271 986 3369 ddodeoim
1008 3295 1183 3388 bytienteo.
1208 3303 1242 3368 ct
1256 3297 1318 3368 bec
1334 3295 1480 3368 chordula
1500 3311 1537 3371 ut
1551 3319 1651 3394 super

221 3424 347 3519 legitur
372 3423 415 3496 nit
436 3423 529 3498 firme
556 3421 673 3518 scripte
694 3443 755 3518 per
777 3441 878 3492 manu
900 3417 988 3491 leoni
1011 3415 1141 3494 orico
1164 3437 1224 3510 per
1246 3425 1425 3490 menoran
1456 3420 1648 3494 duodecime
1707 3444 1708 3447 ¹

217 3550 398 3624 indictione
422 3551 456 3647 †

322 3679 387 3752 hee
407 3677 538 3771 signum
560 3677 593 3774 †
615 3699 729 3756 manus
751 3675 921 3752 memorati
943 3675 1040 3770 sergii
1064 3673 1123 3772 qui
1147 3671 1336 3748 nominatur
1368 3671 1536 3750 metando
1558 3675 1647 3768 qnod

218 3827 288 3900 ego
309 3803 369 3898 qui
391 3812 588 3875 memorntos
609 3805 650 3874 rb
672 3827 749 3876 eum
772 3805 896 3896 regitur
919 3825 980 3898 pro
1002 3827 1081 3878 eum
1104 3801 1277 3899 subscripsi
1301 3802 1333 3898 †

317 3931 435 4028 †ego
457 3931 583 4025 sergius
606 3929 690 4004 filius
713 3929 840 4003 domini
867 3931 1017 4004 iohannis
1051 3931 1202 4004 monachi
1233 3937 1366 4026 rogatus
1390 3956 1411 4002 o·
1432 3927 1647 4022 suprascripte
1787 3957 1791 3964 ·

220 4039 709 4154 „amarissimorum
1259 4145 1269 4162 .

319 4182 350 4284 †
374 4209 437 4280 ogo
459 4205 555 4260 mus
576 4185 662 4258 fitius
685 4182 808 4258 domini
832 4183 916 4279 petri
950 4191 1084 4280 rogetus
1112 4185 1370 4280 esnproscripte
1405 4200 1542 4279 persone
1577 4185 1649 4256 testi

220 4310 400 4404 subscripsi
425 4311 458 4408 †

319 4436 351 4533 †
373 4457 436 4531 ego
459 4433 615 4508 iohannes
637 4431 724 4506 iilius
745 4433 871 4506 domini
894 4431 979 4528 petri
1002 4442 1134 4528 rogetus
1153 4455 1171 4503 a
1188 4429 1401 4527 suprascripte
1416 4453 1553 4525 persone
1572 4434 1647 4505 testi

224 4557 452 4651 ΜΝ

318 4683 445 4781 †Ego
467 4687 519 4761 leo
546 4685 685 4758 coortis
712 4691 784 4778 poet
819 4681 1086 4776 subscriptionem
1116 4682 1246 4754 testim
1280 4679 1447 4778 Complevi
1472 4693 1504 4758 et
1528 4685 1648 4759 anolo

218 4837 282 4911 per
310 4823 486 4888 memorata
508 4811 682 4886 indictione
706 4812 740 4908 †
