4854 6528
1397 873 1531 946 CXXX.

633 1147 685 1193 an.
778 1187 781 1192 .
847 1129 879 1228 †
901 1133 938 1202 ln
961 1127 1094 1202 nomino
1117 1127 1245 1202 domini
1267 1127 1321 1202 alei
1342 1127 1513 1202 salvatoris
1534 1129 1639 1202 nostri
1658 1129 1757 1202 lbesu
1773 1127 1899 1202 Christi
1912 1129 2096 1226 luperante
2112 1140 2178 1212 vlo-

609 1259 695 1321 968.
754 1261 844 1332 mino
867 1269 979 1332 nostro
1003 1257 1117 1330 hailo
1141 1279 1259 1352 magno
1282 1257 1480 1352 Imperatore
1503 1281 1589 1332 anno
1611 1279 1699 1331 nono
1722 1259 1778 1331 sed
1794 1263 1828 1332 ot
1842 1258 2013 1354 nicipboro
2037 1275 2071 1338 et
2091 1289 2178 1340 con-

753 1386 891 1458 stantino
923 1382 1049 1478 maguis
1079 1379 1329 1474 imperatoribus
1361 1403 1447 1452 anuo
1480 1391 1575 1454 sesto.
1607 1383 1670 1456 Die
1692 1383 1807 1456 octobr
1840 1387 1961 1460 mensis
1994 1390 2171 1472 decembrii

748 1514 927 1586 indictione
949 1508 1139 1581 duodecima
1165 1507 1317 1605 neapoli:
1355 1508 1488 1584 Certum
1515 1521 1564 1584 est
1592 1535 1647 1586 mo
1672 1513 1777 1590 maria
1801 1511 1936 1589 bueo
1964 1488 2083 1592 femina
2106 1521 2175 1597 filia

753 1642 916 1737 quondam
940 1635 1064 1708 domini
1087 1635 1192 1708 bullii
1214 1644 1250 1709 et'
1270 1638 1414 1732 quedam
1437 1641 1570 1716 domina
1601 1659 1684 1716 anno
1707 1643 1841 1716 honora
1869 1644 1990 1720 femine
2012 1646 2171 1742 iugalium

754 1788 962 1864 manarum
985 1786 1051 1836 una
1074 1785 1151 1842 cnm
1174 1765 1353 1842 volumtate
1376 1769 1517 1862 presenti
1540 1769 1665 1842 domiui
1685 1769 1833 1865 stopbani
1855 1771 1919 1846 viri
1934 1773 2012 1846 mei.
2037 1775 2068 1846 Α
2083 1797 2166 1869 pro-

750 1897 831 1968 senti
857 1893 910 1966 die
933 1893 1151 1989 promtissima
1173 1893 1352 1968 volumtate
1375 1900 1576 1972 commutavi
1591 1905 1625 1970 ot
1638 1898 1756 1974 madidi
1772 1899 1866 1972 vobis
1881 1901 2014 1976 domino
2036 1898 2170 1974 iohanni

749 2020 924 2092 venerabili
955 2020 1110 2116 igumeno
1142 2021 1330 2095 monasterii
1360 2029 1547 2097 sanctorum
1582 2025 1682 2120 sergii
1703 2031 1737 2098 ot
1757 2024 1868 2100 metri
1890 2027 1950 2122 qui
1974 2051 2061 2102 nnnc
2084 2051 2169 2102 con-

750 2157 902 2242 gregatus
924 2169 959 2221 es
981 2147 1016 2219 in
1038 2147 1233 2220 monasterio
1267 2155 1454 2225 sanctorum
1477 2150 1628 2224 theodori
1650 2159 1685 2224 ot
1706 2151 1877 2226 sebastiani
1899 2155 1959 2250 qui
1990 2153 2165 2250 appellatur

754 2271 909 2367 casapicta
931 2272 1029 2344 situm
1051 2269 1087 2344 in
1109 2271 1275 2346 viridario.
1298 2275 1391 2348 lDost
1412 2277 1578 2372 integrum
1607 2278 1746 2352 funalrm
1771 2301 1883 2356 mouru
1906 2279 1964 2376 qui
1988 2288 2038 2354 oet
2052 2279 2168 2352 imbela

757 2400 965 2472 constitutum
987 2399 1066 2472 bero
1088 2399 1123 2470 iu
1146 2399 1219 2468 loco
1242 2399 1301 2494 qui
1324 2407 1460 2473 vocatur
1482 2400 1637 2474 nonnmia
1660 2423 1726 2472 una
1748 2425 1825 2474 cum
1849 2403 2020 2476 erroribus
2043 2405 2168 2476 fructi·

595 2507 599 2514 ¹
748 2526 825 2600 feris
848 2526 902 2600 vel
924 2524 1135 2598 infructiferis
1158 2534 1291 2598 etcum
1310 2527 1439 2622 integra
1460 2526 1649 2622 piscbinella
1671 2529 1731 2624 qui
1752 2529 1799 2602 ibi
1821 2551 1891 2604 osse
1913 2529 2044 2609 videtur
2068 2533 2167 2606 simul

751 2675 826 2727 cum
850 2653 1019 2724 introitum
1042 2673 1140 2727 suum
1163 2653 1390 2748 omnibusque.
1414 2654 1477 2727 sivi
1498 2654 1691 2749 generaliter
1718 2657 1963 2758 pertinentibus
1989 2659 2170 2752 pertinente

747 2779 826 2852 bero
848 2779 930 2852 mibi
953 2803 972 2850 a
995 2784 1174 2854 memorata
1197 2777 1352 2872 genitrice
1387 2799 1460 2850 mea
1494 2777 1616 2874 pariter
1644 2784 1678 2850 et
1709 2799 1764 2850 me
1786 2779 1822 2850 in
1844 2778 1993 2872 portione
2015 2782 2121 2876 tetigit
2142 2809 2161 2854 a

750 2925 810 2976 vos
833 2903 911 2998 ipsis
934 2915 967 2978 et
990 2931 1010 2976 a
1032 2904 1148 2978 ceteris
1179 2904 1384 2980 consortibus
1414 2901 1506 2978 meio.
1544 2901 1726 2978 Goberonte
1751 2905 1813 2976 sivi
1837 2904 1902 2978 lrab
1925 2927 1990 2980 una
2013 2917 2104 3001 parte
2127 2909 2167 2980 ab

748 3031 896 3103 horiente
928 3053 1080 3126 campum
1112 3039 1258 3106 vostrum
1288 3031 1348 3128 qui
1382 3041 1432 3105 est
1461 3029 1635 3104 bolibotus.
1659 3037 1758 3104 etex
1782 3029 1844 3102 alia
1867 3040 1959 3124 parto
1982 3055 2001 3102 a
2024 3043 2169 3128 septem-

748 3157 854 3230 trione
877 3165 962 3232 tovra
986 3157 1110 3232 domini
1133 3157 1268 3232 iohanni
1289 3157 1360 3232 filio
1384 3157 1510 3232 domini
1532 3155 1679 3250 stephani
1703 3157 1780 3228 kata
1811 3153 1937 3232 domini
1972 3157 2100 3254 ypatiae
2133 3167 2166 3230 et

750 3293 834 3358 terra
857 3309 928 3358 meo
944 3295 977 3358 et
990 3285 1168 3382 subscripta
1192 3295 1278 3358 terra
1302 3295 1410 3358 vestra
1432 3283 1528 3358 ocati
1551 3283 1637 3356 inter
1658 3304 1694 3356 so
1717 3283 1771 3356 via
1794 3284 1927 3360 exfinat.
1953 3285 2004 3359 De
2020 3286 2084 3360 alia
2107 3313 2167 3362 eu-

751 3429 816 3488 tem
840 3423 929 3510 parte
953 3439 973 3486 a
995 3415 1174 3490 meridiana
1191 3423 1224 3487 et
1239 3416 1275 3488 in
1299 3413 1502 3510 aliquantum
1526 3413 1568 3484 ab
1590 3413 1781 3488 hoccidente
1804 3423 1891 3487 tarra
1909 3415 2043 3511 quidem
2065 3417 2169 3489 niceta

748 3544 952 3616 llanonarcbi
976 3555 1009 3617 et
1032 3552 1118 3616 terra
1141 3539 1380 3616 communalem
1404 3563 1476 3614 mea
1500 3548 1533 3610 et
1557 3551 1664 3614 vestra
1682 3551 1715 3614 ot
1729 3543 1770 3616 de
1784 3541 1932 3636 ipsorum
1955 3542 2070 3614 ceteris
2092 3565 2168 3614 con·

747 3675 887 3746 sortibus
909 3671 1026 3746 nostris
1046 3671 1145 3743 'sicmi
1167 3669 1252 3745 iuter
1274 3691 1309 3744 se
1332 3669 1419 3765 sepis
1441 3672 1588 3746 subnot:
1618 3672 1668 3742 De
1691 3693 1758 3766 qua
1780 3670 1863 3742 nibil
1886 3670 1968 3743 mibi
1989 3673 2076 3744 intus
2089 3693 2166 3742 me-

750 3809 889 3872 moratas
911 3799 1112 3872 coherentias
1135 3797 1268 3894 aliquod
1292 3795 1448 3868 remansit
1463 3805 1520 3868 aut
1536 3794 1701 3869 reservavi
1717 3817 1777 3868 noc
1794 3795 1830 3866 iu
1846 3793 1982 3870 abeuam
1999 3817 2168 3890 personam

750 3927 897 3999 commisi
919 3935 1120 4022 potestatem.
1145 3927 1229 3996 ltaut
1251 3925 1294 3998 ba
1317 3947 1404 3998 nunc
1427 3931 1461 3996 et
1484 3924 1634 4019 deinceps
1657 3930 1874 3998 memoratum
1900 3925 2067 4018 integrum
2094 3925 2168 3996 fun·

749 4059 829 4142 aam
852 4029 962 4127 meam
985 4053 1115 4150 qui'eat
1137 4053 1256 4128 imaeve
1279 4055 1380 4128 ertum
1412 4053 1455 4124 aa
1468 4053 1635 4126 aaaron
1657 4073 1722 4124 aaa
1751 4075 1828 4126 eam
1851 4051 2022 4125 moesus
2045 4051 2164 4126 reuco-

748 4185 824 4257 feris
846 4183 900 4255 vel
924 4181 1131 4254 infructiferis
1154 4191 1287 4254 etcum
1310 4189 1488 4254 memorata
1511 4178 1697 4274 piscbinella
1721 4180 1780 4274 qui
1802 4179 1849 4252 ibi
1874 4201 1943 4252 ome
1965 4181 2096 4254 videtur
2116 4181 2168 4252 si-

748 4310 818 4382 mul
841 4332 917 4382 cum
939 4307 1108 4381 introitum
1139 4329 1236 4382 suum
1265 4307 1494 4399 omnibusque.
1520 4303 1582 4374 sivi
1610 4301 1845 4398 pertinentibus
1871 4307 1957 4378 unde
1980 4305 2062 4378 nibil
2086 4305 2168 4378 mibi

749 4435 865 4509 exinde
887 4433 1040 4512 remansit
1063 4443 1119 4503 aut
1142 4432 1305 4507 reservavi
1339 4441 1497 4528 quatenus
1531 4452 1590 4522 per
1621 4437 1815 4502 memoratos
1844 4427 2047 4502 coherentias
2075 4430 2168 4504 vobis

750 4583 825 4632 eum
848 4557 1007 4630 insinuavi
1030 4554 1078 4631 sel
1100 4558 1135 4630 in
1157 4559 1283 4654 integro
1305 4557 1390 4628 sicut
1412 4553 1560 4650 superius
1583 4553 1702 4647 legitur
1726 4577 1745 4622 a
1767 4573 1821 4626 mc
1845 4551 1939 4626 vobis
1958 4553 2001 4624 sit
2015 4575 2163 4628 commu·

748 4696 851 4766 tatum
870 4697 903 4759 et
920 4685 1074 4759 traditum
1096 4686 1131 4756 in
1154 4694 1261 4760 vestra
1284 4685 1494 4780 posterisque.
1519 4682 1634 4756 vestris
1657 4690 1903 4779 memoratoque
1926 4689 2037 4754 sancto
2055 4694 2088 4755 et
2108 4707 2166 4756 ve·

748 4813 883 4888 nerabili
906 4823 1014 4886 vestro
1037 4811 1231 4884 monasterio
1254 4811 1317 4882 siut
1339 4819 1529 4906 potestatem
1552 4809 1713 4904 quidquid
1736 4809 1854 4882 exinde
1877 4811 1985 4882 facero
2001 4809 2166 4882 volueritis

748 4964 874 5038 semper
897 4939 1031 5012 liberem
1054 4935 1197 5008 habeatis
1219 4943 1430 5029 potestatem:
1462 4943 1494 5006 et
1518 4957 1625 5028 neque
1649 4957 1669 5002 a
1692 4956 1747 5005 me
1770 4945 1950 5008 memorata
1973 4935 2075 5010 maria
2098 4935 2166 5007 bo·
