4954 6532
1450 671 1465 762 (
1490 674 1534 740 2⁶
1559 669 1572 766 )

807 842 840 906 et
862 849 989 924 semper
1012 837 1192 920 numquam
1215 841 1402 917 presummo
1426 842 1489 914 ego
1512 843 1572 893 nec
1594 817 1729 923 heredes
1752 827 1832 896 meis
1856 847 1915 897 nec
1939 824 2090 898 abeamus
2114 826 2225 900 licen·

807 959 886 1028 tiam
922 953 1096 1050 aliquando
1127 961 1274 1044 tompore
1306 958 1340 1020 te
1369 956 1425 1019 eut
1447 945 1583 1020 heredes
1606 956 1680 1018 tuos
1703 971 1841 1042 querere
1865 951 1904 1022 de
1926 951 1998 1045 ipsa
2022 953 2225 1027 medietatem

805 1085 907 1178 ipsius
931 1083 1063 1178 quidem
1088 1077 1237 1150 iohannis
1260 1097 1360 1172 quam
1383 1097 1481 1170 super
1504 1081 1591 1147 sorte
1615 1074 1733 1147 exinde
1750 1083 1786 1147 tu
1802 1087 1982 1150 memorato
1998 1079 2138 1151 iohanne
2155 1082 2225 1152 tol-

806 1211 873 1283 lere
907 1207 1050 1280 diximus
1078 1229 1139 1278 nec
1171 1205 1211 1276 de
1242 1204 1311 1298 ipsc
1343 1210 1409 1276 tres
1436 1210 1540 1274 sortes
1563 1202 1622 1298 qui
1643 1210 1677 1273 tc
1700 1202 1751 1276 dc'
1764 1203 1833 1298 ipen
1856 1204 2026 1277 medietate
2049 1207 2224 1278 memorati

804 1333 938 1427 quidem
961 1330 1025 1402 viri
1048 1329 1113 1400 mei
1137 1326 1279 1422 tetigerit
1302 1349 1362 1425 per
1385 1325 1512 1400 nullum
1534 1324 1669 1398 modum
1692 1347 1753 1398 nec
1774 1348 1834 1420 per
1856 1327 2061 1402 summissam
2085 1351 2223 1423 persone
2246 1367 2253 1376 ·

805 1457 839 1528 in
864 1462 1059 1551 perpetuum
1083 1461 1115 1522 et
1137 1455 1198 1522 nec
1222 1463 1258 1522 tu
1281 1473 1341 1522 nec
1363 1447 1499 1522 heredes
1521 1457 1596 1520 tuos
1620 1469 1672 1520 me
1697 1469 1853 1544 meosque
1873 1449 2009 1524 heredes
2029 1475 2167 1548 querere
2182 1453 2224 1525 de

806 1583 875 1675 ipso
898 1587 1013 1675 quarte
1036 1597 1109 1648 mea
1124 1598 1183 1670 per
1197 1574 1324 1647 nullum
1346 1575 1482 1646 modum
1498 1572 1576 1669 quie
1591 1573 1636 1646 ita
1650 1572 1745 1646 nobis
1766 1573 1944 1648 iudicatum
1967 1585 2032 1650 est:
2060 1577 2088 1648 si
2113 1587 2223 1650 eutem

804 1732 865 1803 ego
892 1716 948 1780 cut
978 1705 1112 1778 heredes
1141 1703 1222 1776 meis
1254 1701 1371 1799 quobis
1403 1711 1549 1796 tempore
1578 1711 1691 1772 contre
1720 1693 1780 1774 mc
1811 1703 1957 1776 chartule
1979 1704 2159 1779 securitatis
2182 1717 2219 1775 nt

801 1857 896 1928 super
911 1835 1030 1927 legitur
1053 1831 1165 1903 uenire
1188 1831 1456 1926 presumserimus
1479 1839 1513 1901 et
1535 1830 1570 1902 in
1590 1829 1706 1926 aliquit
1721 1828 1834 1902 offensi
1848 1833 2007 1905 fuerimus
2025 1855 2086 1926 per
2102 1831 2222 1926 quobit
2364 1883 2369 1889 -

801 1961 937 2032 modum
960 1966 1016 2029 aut
1038 1959 1208 2030 summissa
1230 1981 1389 2052 persone:
1416 1967 1496 2030 tunc
1519 1955 1744 2050 componimus
1766 1975 1826 2025 nos
1841 1963 1875 2024 et
1889 1955 2025 2028 heredes
2039 1959 2142 2030 nostri
2158 1959 2219 2032 tivi

800 2084 929 2178 tuisque
952 2080 1125 2154 heredibus
1148 2080 1220 2150 euri
1243 2080 1326 2150 libre
1350 2103 1414 2150 unc
1436 2080 1599 2174 bytinntee
1624 2086 1657 2150 et
1680 2101 1719 2152 ec
1740 2077 1887 2152 chartule
1913 2088 1951 2152 ut
1975 2103 2074 2177 super
2094 2081 2215 2178 legitur

800 2211 841 2278 sit
864 2210 979 2278 firme:
1007 2208 1124 2300 scripte
1148 2230 1207 2299 per
1230 2226 1345 2277 manus
1367 2205 1518 2276 iohannis
1540 2207 1671 2278 curialis
1694 2205 1898 2280 scribendam
1925 2208 2040 2304 rogeri
2062 2231 2121 2303 per
2143 2233 2220 2284 me-

800 2345 925 2406 morate
948 2333 1071 2406 decima
1088 2325 1311 2420 indictiono†
1332 2345 1334 2348 ·

819 2533 822 2538 ,
895 2459 960 2531 hoc
984 2457 1114 2553 signum
1137 2453 1169 2549 †
1192 2475 1307 2526 munus
1340 2461 1518 2527 memorate
1546 2452 1709 2525 theoctisti
1736 2452 1889 2542 honeste.
1902 2457 2020 2530 femine
2044 2463 2133 2555 quod
2156 2485 2220 2558 ego

799 2591 857 2684 qui
883 2593 1080 2662 memoratos
1104 2581 1145 2655 nh
1170 2604 1242 2654 eam
1265 2586 1398 2675 rogetus
1425 2601 1486 2676 pro
1509 2602 1547 2651 ee
1565 2578 1800 2700 Qripsst

892 2709 1311 2806 †nrorenroe10rc
1324 2712 1498 2778 enmono
1514 2712 1665 2817 q-cono
1681 2711 1910 2779 unorum
1924 2715 2048 2782 neom
2059 2690 2219 2828 Eo'f-pj

890 2833 1308 2928 †nror1³nr01>10rc
1332 2836 1507 2902 enmono
1524 2837 1584 2898 nn
1599 2832 1804 2899 omnnem
1819 2834 2044 2898 eorumne
2067 2836 2217 2902 neom

800 2959 1029 3025 Tnoxnuom
1051 2957 1175 3020 'roem
1190 2931 1361 3045 {few
1548 3050 1608 3064 -
2104 3043 2227 3059 ,-

892 3071 1034 3168 †nno
1058 3079 1325 3146 rrnroerorc
1359 3079 1532 3146 melone
1556 3082 1617 3143 nn
1641 3077 1775 3148 muner
1808 3076 2033 3142 Porrrono
2057 3075 2085 3141 Α
2110 3079 2215 3142 corr

789 3207 1028 3314 unonmcm
1050 3208 1173 3273 neem
1194 3175 1310 3272 ἴοι-ι’
1327 3195 1358 3290 †

895 3324 1022 3417 †Ego
1044 3325 1203 3404 Iolmnnes
1226 3323 1362 3395 Coriolis
1389 3324 1448 3420 qni
1472 3332 1667 3396 memoratos
1689 3329 1763 3418 post
1784 3319 2052 3415 subscriptionem
2084 3320 2213 3392 testium

799 3445 966 3544 complevi
992 3457 1026 3520 et
1050 3441 1171 3518 nbsdlvi
1188 3450 1240 3522 die
1264 3457 1298 3518 et
1317 3448 1491 3522 indictione
1518 3455 1693 3518 memoratu
1721 3444 1893 3538 decime†
