4900 6528
931 663 1046 762 „tvt

902 944 906 957 '
968 942 1035 1012 lttt.

732 1160 911 1218 IIEIIBIIANA
930 1160 1003 1218 CXV.
1025 1161 1097 1218 PAG.
1122 1161 1188 1218 139.
1211 1164 1241 1218 V.
1263 1163 1291 1218 2.
1385 1113 1387 1118 Ι

377 1380 569 1452 Chronologious
583 1381 714 1438 Alexandri
728 1382 759 1439 de
773 1381 829 1440 lieo
842 1385 981 1459 Apparatus
995 1386 1010 1457 (
1015 1401 1083 1459 pag.
1095 1384 1146 1440 tto
1153 1386 1167 1454 )
1182 1401 1273 1450 annos,
1291 1384 1383 1456 quihus
1395 1381 1502 1458 Imperio
1516 1387 1727 1461 constantinopoli-

299 1511 355 1554 tano
375 1497 480 1570 praefuit
499 1497 652 1568 Nicephorus
672 1499 781 1563 Phocas,
802 1515 817 1554 a
835 1499 876 1555 die
890 1497 976 1554 XVIII.
991 1500 1084 1556 mensis
1107 1500 1205 1570 augusti
1219 1499 1367 1556 numeravit.
1381 1497 1433 1554 Nos
1446 1517 1505 1557 reio
1518 1502 1636 1574 inspectis
1655 1504 1725 1559 ebro

297 1611 415 1682 nologicis
435 1611 498 1666 notis
518 1611 758 1676 usuumeutorum,
780 1628 844 1683 quae
865 1611 913 1666 sub
933 1609 1045 1666 ciusdem
1070 1610 1192 1682 Principis
1211 1607 1376 1664 dominatione
1399 1606 1497 1664 condita
1520 1611 1576 1666 heic
1598 1612 1724 1678 eduntur,

298 1743 327 1780 ac
348 1725 494 1797 praesertim
507 1722 633 1787 dumam,
655 1737 719 1794 quae
739 1723 851 1778 numeris
871 1721 943 1778 CXV.
964 1735 991 1779 et
1010 1721 1118 1780 ClIllIIl.
1147 1723 1339 1794 consignantur,
1370 1721 1536 1794 comperimus
1559 1720 1726 1780 Alexandrum

298 1837 330 1891 de
345 1835 399 1891 lleo
414 1835 527 1891 statuisse
543 1835 638 1890 initium
649 1834 801 1908 principatum
811 1835 944 1908 Nicephori
954 1835 1039 1908 paucis
1048 1845 1105 1890 ante
1119 1832 1220 1901 diebus,
1235 1853 1311 1908 quam
1320 1852 1407 1908 reapse
1420 1834 1510 1891 evenit.
1524 1835 1649 1908 Superiori
1658 1837 1725 1892 enirn

298 1967 313 2003 e
333 1948 430 2004 duobus
450 1947 517 2004 hisee
537 1947 710 2002 instrumentis
727 1947 868 2018 conscripto
888 1946 936 2002 sub
955 1945 996 2001 die
1015 1945 1102 2000 lllllll.
1124 1945 1222 2017 augusti
1240 1943 1307 2000 966.
1331 1945 1455 2002 secundas
1474 1945 1606 2018 Nicephori
1626 1964 1724 2013 annus,

299 2061 324 2114 iu
344 2060 420 2115 alteru
441 2079 499 2116 uero
519 2061 568 2116 diei
589 2061 629 2116 lx.
653 2059 802 2132 septembris
822 2057 890 2114 966.
913 2076 992 2114 armus
1011 2067 1116 2130 qtrartus
1139 2063 1319 2122 recensentur,
1339 2056 1477 2113 cuiusmodi
1497 2059 1639 2131 supputatio
1654 2059 1725 2113 nohis

298 2175 379 2245 palam
400 2175 457 2232 lacit
478 2176 643 2248 Nicephorum
664 2194 710 2233 nec
730 2187 788 2232 ante
806 2177 873 2233 diem
894 2175 980 2232 XXIII.
1001 2173 1101 2246 augusti
1120 2171 1176 2228 anni
1198 2172 1276 2240 965,
1298 2189 1379 2244 neque
1398 2180 1454 2244 post
1473 2170 1538 2226 ἀὶεω
1556 2171 1598 2226 ΙΧ.
1618 2181 1725 2242 septem·

299 2285 351 2340 bris
371 2287 427 2342 anrri
446 2287 557 2342 eusdem
577 2304 667 2358 graeco
687 2287 794 2360 Imperio
813 2289 920 2361 potitum
939 2287 1025 2343 hume.
1046 2285 1177 2342 hdirmari
1198 2301 1258 2340 vero
1271 2284 1326 2340 iure
1340 2301 1389 2340 uon
1403 2293 1485 2358 potest
1498 2291 1595 2338 nosnos
1615 2283 1724 2336 Ceriales

297 2400 323 2454 in
342 2399 472 2456 exarandis
491 2401 668 2470 chronologicis
688 2417 789 2456 emaum
809 2405 1009 2459 membranarum
1028 2402 1094 2458 notis
1107 2401 1253 2475 plerumque
1271 2409 1315 2456 aut
1332 2399 1490 2464 dormitasse,
1504 2409 1549 2454 aut
1562 2415 1622 2454 suae
1636 2413 1724 2468 quern-

297 2527 346 2582 que
367 2509 469 2564 lubidini
489 2509 637 2566 obsecutum
658 2509 753 2575 haisse;
773 2527 831 2566 nam
851 2521 938 2566 eontra
957 2513 1004 2566 hac
1017 2511 1173 2584 potissimum
1187 2511 1213 2565 in
1225 2527 1254 2566 re
1268 2509 1416 2582 angularem
1429 2507 1561 2581 quamdam
1574 2505 1725 2578 Qentiam

300 2637 345 2676 eos
364 2621 504 2678 exseruisse
519 2622 572 2692 ipse
586 2621 618 2676 de
635 2619 691 2676 lieo
710 2619 829 2676 aduersus
848 2621 976 2676 Claritium
997 2623 1123 2676 contendit
1142 2625 1157 2694 (
1162 2623 1261 2680 ibidem
1276 2637 1344 2694 pag.
1358 2621 1396 2704 62
1405 2623 1429 2690 ).
1450 2621 1506 2677 llue
1526 2617 1639 2684 aceedit,
1658 2619 1724 2690 quod

299 2733 441 2804 complures
461 2732 521 2788 aliae
545 2732 689 2797 chartulae,
709 2749 771 2804 quas
794 2733 842 2788 sub
861 2730 950 2786 eodem
969 2731 1108 2802 Nicephoro
1126 2732 1278 2804 neopolitano
1301 2734 1327 2790 in
1351 2731 1449 2788 Ducam
1468 2731 1578 2788 conditas
1601 2747 1647 2785 nos
1673 2719 1727 2784 dili·

300 2856 387 2918 genter
410 2847 581 2918 inspeximus,
604 2863 653 2901 non
676 2847 750 2902 modo
767 2863 854 2902 ornnes
867 2845 970 2902 muiliee
984 2844 1015 2900 ad
1029 2845 1143 2902 eamdem
1156 2848 1354 2920 supputationem
1368 2829 1521 2919 conspirant,
1541 2862 1629 2902 uerum
1648 2845 1722 2900 ethra

299 2959 396 3016 nulum
416 2961 516 3016 ommno
544 2959 616 3016 nobis
638 2957 756 3018 ἰαάἰοίιωι
780 2958 959 3032 prodiderant,
986 2975 1064 3032 quae
1087 2959 1232 3018 wumdem
1255 2961 1431 3033 ingenuitatem
1450 2961 1477 3016 in
1499 2960 1603 3018 dubium
1627 2975 1725 3014 muces-

212 3087 220 3102 ¹
301 3089 395 3129 remus.

987 3307 1051 3380 IIV.

704 3523 883 3582 manant
904 3525 988 3584 CXII.
1009 3527 1082 3584 PAG.
1108 3527 1174 3584 ll'i.
1195 3529 1225 3585 V.
1248 3517 1276 3584 t'.

381 3747 408 3803 ln
428 3747 531 3806 huiusce
552 3747 695 3806 documenti
709 3749 839 3824 exemplo,
856 3752 921 3824 quod
942 3749 1019 3808 edidit
1032 3750 1180 3810 hluratorius
1193 3753 1218 3807 in
1236 3749 1408 3823 dissertatione
1420 3741 1495 3812 LIIV,
1510 3743 1640 3816 episcopus
1654 3739 1728 3796 modo

297 3857 421 3930 Sergius,
442 3859 515 3914 modo
534 3859 668 3931 Gregorius
696 3875 876 3936 nuncupatum
897 3866 922 3919 in
942 3865 1094 3938 autographo
1124 3881 1202 3931 sero,
1232 3863 1298 3937 quod
1322 3863 1377 3919 heio
1401 3860 1554 3932 exscriptum
1574 3857 1726 3918 exhibetur,

185 3977 207 4002 ‘
298 3990 377 4045 usque
397 3973 530 4048 Gregorius
549 3975 728 4034 dieitur.dlter
741 3979 782 4034 hio
797 3981 871 4051 igitur
890 3981 1058 4053 neapolitanae
1076 3979 1142 4036 sedis
1161 3981 1293 4054 epIsoopus
1312 3995 1378 4034 nuno
1398 3949 1507 4048 pnnrurri
1527 3970 1642 4040 indubius
1658 3971 1725 4024 inuo-

301 4089 383 4144 teseit.
472 4083 475 4086 ’

380 4185 418 4256 Ex
439 4203 486 4258 boo
505 4221 579 4276 porro
598 4203 731 4276 diplomate
751 4217 819 4278 patet
838 4203 952 4261 mmdem
972 4206 1058 4262 sedern
1071 4223 1135 4263 anno
1150 4205 1208 4262 966
1224 4204 1364 4262 adhucdum
1381 4203 1546 4278 episcopalem
1561 4203 1645 4258 luisse.
1661 4202 1727 4268 Quo·
1834 4176 1838 4182 Ι

299 4311 364 4368 eirca
383 4313 523 4372 blanoohim
543 4317 553 4388 (
573 4316 614 4372 De
636 4315 712 4374 tata.
737 4335 785 4374 eoo.
807 4335 885 4389 arcp.
902 4333 934 4388 p.
955 4316 1070 4374 XXVII.
1096 4299 1121 4373 et
1141 4319 1185 4375 lli
1202 4333 1231 4373 a.
1247 4315 1280 4374 ta
1298 4319 1317 4384 l,
1338 4335 1371 4372 ex
1391 4315 1495 4388 Ughellii
1515 4317 1634 4372 sententia
1658 4327 1727 4370 reete

301 4425 365 4480 inter
384 4425 478 4482 ineerta
497 4427 580 4499 posuit
605 4428 783 4502 neapolitanam
807 4428 950 4484 cathedram
969 4445 1034 4484 anno
1057 4427 1115 4484 962
1136 4430 1185 4484 iam
1205 4429 1312 4484 erasisse
1326 4425 1570 4499 archiepiscopalem,
1591 4435 1618 4480 et
1636 4424 1727 4479 nudam

301 4537 347 4591 sibi
368 4539 545 4612 arcluepisoopi
565 4541 709 4612 dignitatem
728 4557 855 4611 arrogasse
875 4541 971 4611 putavit
989 4541 1102 4596 Nicetam
1127 4541 1217 4606 illum,
1247 4556 1322 4612 quem
1345 4539 1454 4612 primum
1475 4538 1589 4612 Neapolis
1609 4543 1728 4613 archiepi-

302 4662 406 4718 scopum
427 4648 502 4703 luisse
523 4657 637 4720 arguerat
655 4649 844 4704 Chioecarellius
864 4647 985 4720 (least.
996 4665 1065 4721 pag.
1079 4649 1146 4723 lli)
1167 4667 1183 4705 e
1202 4649 1309 4727 quodam
1330 4650 1470 4706 monasterii
1491 4649 1517 4705 S.
1539 4649 1674 4706 Sebastiani
1691 4653 1728 4706 di·

303 4755 410 4826 plomate
430 4755 541 4813 eiusdem
562 4760 618 4813 anni
638 4757 708 4823 962,
729 4758 796 4832 quod
816 4761 935 4831 ternporIs
953 4759 1041 4831 iujurin
1060 4759 1161 4844 sortasse
1188 4759 1306 4816 amissum
1326 4751 1482 4818 frustranos
1502 4762 1566 4818 inter
1586 4763 1664 4836 ipsius
1677 4781 1730 4820 me

304 4866 403 4922 usserii
417 4867 573 4924 membranas
586 4870 788 4942 conquisIrImus.
803 4869 842 4926 lix
863 4869 1002 4926 testimonla
1022 4887 1081 4926 reru
1101 4879 1155 4924 tum
1169 4870 1306 4944 praesentis
1325 4854 1482 4940 documenti,
1502 4888 1561 4928 cum
1575 4889 1677 4940 eorum,
1697 4873 1729 4930 de

303 4979 393 5048 quibus
412 4979 506 5034 mentio
525 4989 564 5034 est
583 4979 649 5051 apud
662 4979 829 5036 Alexandrum
848 4979 880 5036 de
899 4979 954 5036 lleo
975 4981 985 5053 (
1004 4976 1228 5054 Appos-troad.
1245 4983 1365 5056 pagii!
1384 4983 1409 5057 ),
1433 4983 1498 5040 edici
1517 5001 1591 5057 posse
1614 4984 1725 5052 videtur,

303 5083 481 5158 neapolitanam
501 5087 631 5144 eeclesiam
652 5087 831 5164 metropolitica
850 5088 968 5162 dignitate
987 5089 1135 5147 illustratam
1154 5091 1230 5150 lenisse
1249 5094 1315 5149 irater
1327 5110 1419 5152 amum
1434 5091 1492 5150 966
1512 5105 1539 5151 et
1552 5111 1644 5151 aunum
1659 5093 1728 5149 981.
