4854 6528
889 650 1030 757 (sss)

884 937 1010 1012 CXXII.

335 1196 425 1293 †ln
447 1195 582 1268 nomine
617 1192 743 1268 domini
777 1193 832 1266 dei
866 1192 1038 1267 salvatoris
1068 1193 1174 1266 nostri
1206 1192 1305 1270 ihesu
1331 1193 1455 1270 Christi
1484 1201 1669 1294 imperante
1733 1237 1790 1285 an.

242 1324 374 1398 domino
398 1331 509 1394 nostro
532 1319 645 1391 basilio
678 1339 799 1412 magno
822 1317 1019 1411 Imperatore
1051 1340 1136 1389 anno
1154 1314 1269 1392 sexto.
1295 1322 1351 1394 sed
1374 1330 1408 1394 et
1430 1322 1601 1418 nieipboro
1632 1337 1665 1399 et
1719 1350 1806 1412 966.

243 1448 445 1522 constantino
478 1445 605 1540 magnis
639 1440 887 1539 imperatoribus
922 1465 1007 1514 anno
1037 1442 1146 1517 tertio.
1177 1445 1239 1516 Die
1267 1446 1361 1516 tertia
1385 1447 1510 1521 decima
1541 1453 1662 1526 mensis

241 1577 343 1670 magii
365 1573 541 1646 indictione
563 1594 649 1642 nona
672 1569 813 1666 neapoli:
839 1569 971 1642 Certum
994 1579 1043 1642 est
1064 1595 1118 1644 me
1140 1585 1271 1669 petrum
1293 1570 1398 1644 filium
1414 1575 1579 1668 quondam
1595 1579 1662 1650 do-

243 1701 326 1772 mini
349 1699 467 1772 marini
490 1695 643 1770 monaehi
666 1695 725 1792 qui
747 1717 846 1790 supra
869 1717 989 1769 nomen
1003 1697 1137 1770 sillioti:
1163 1699 1194 1771 Α
1213 1699 1354 1793 presenti
1377 1697 1431 1771 die
1446 1703 1663 1793 promtissima

243 1825 422 1898 volumtate
445 1822 643 1898 venumdedi
672 1830 705 1894 et
736 1821 855 1894 tradidi
883 1821 978 1894 vobis
1001 1821 1133 1894 domino
1160 1822 1267 1917 sergio
1294 1824 1471 1897 venerabili
1498 1848 1663 1920 ygumeno

243 1951 431 2026 monasterii
454 1961 640 2024 sanctorum
671 1947 771 2044 sergii
794 1957 827 2022 et
851 1947 962 2022 baschi
992 1949 1052 2048 qui
1079 1972 1166 2022 nuno
1194 1961 1407 2046 congregatam
1430 1975 1465 2026 es
1487 1955 1523 2026 in
1545 1977 1667 2029 mona-

243 2081 343 2156 sterio
374 2088 560 2153 sanctorum
591 2078 743 2152 theodori
764 2085 798 2150 et
819 2076 989 2152 sebastiani
1026 2077 1085 2174 qui
1107 2077 1286 2174 appellatur
1318 2080 1478 2175 casapieta
1508 2081 1608 2156 situm
1632 2085 1669 2156 in

245 2205 414 2280 viridario.
439 2205 532 2274 lDest
556 2201 697 2296 integras
719 2223 778 2280 sex
800 2201 912 2276 uncias
935 2223 1024 2274 meas
1047 2223 1090 2274 ex
1111 2201 1276 2296 integrum
1292 2201 1491 2306 pulmentum
1512 2205 1668 2280 sabritum

246 2345 280 2408 et
304 2335 344 2406 de
368 2325 604 2422 susceptorium
627 2346 725 2398 suum
747 2333 781 2396 et
804 2327 845 2398 de
866 2334 952 2398 terra
975 2327 1011 2402 in
1033 2349 1102 2423 quo
1124 2328 1245 2401 laetum
1268 2337 1317 2400 ast
1339 2336 1372 2400 et
1390 2329 1430 2402 de
1445 2327 1542 2402 ulmis
1575 2352 1668 2403 secus

247 2462 361 2536 eodem
392 2455 591 2550 pulmentum
624 2450 729 2546 posita
759 2473 841 2524 vere
871 2453 957 2524 inter
985 2455 1123 2528 fundum
1155 2477 1267 2530 meum
1295 2463 1329 2530 et
1350 2459 1488 2532 fundum
1518 2466 1664 2531 vestrum

247 2585 338 2682 quod
361 2589 410 2654 est
431 2579 467 2650 in
489 2577 563 2650 loeo
586 2574 646 2672 qui
671 2579 807 2649 vocatur
830 2574 955 2669 giniolo
976 2597 1043 2650 una
1066 2599 1143 2650 oum
1164 2578 1335 2656 introitum
1367 2604 1464 2656 suum
1495 2581 1671 2656 omnibus-

246 2731 313 2806 que
336 2705 399 2778 sivi
421 2699 659 2799 pertinentibus
681 2700 741 2798 qui
762 2699 915 2775 indivisas
937 2698 1057 2776 reiaeet
1079 2723 1156 2778 eum
1178 2703 1256 2777 elias
1278 2715 1312 2778 et
1330 2705 1452 2780 similes
1475 2727 1532 2780 sex
1557 2707 1671 2780 uncias

247 2844 392 2910 vestrm:
418 2833 468 2904 De
492 2853 558 2927 qua
579 2827 664 2903 nihil
685 2827 769 2901 mihi
791 2828 910 2902 exinde
931 2830 1086 2902 remansit
1117 2839 1175 2904 aut
1196 2832 1360 2906 reserbavi
1392 2856 1453 2906 nee
1475 2835 1511 2906 in
1534 2833 1672 2907 ahenam

248 2978 401 3056 personne
424 2951 574 3028 commisi
595 2959 810 3047 potestatem:
839 2953 938 3030 etha
960 2975 1049 3026 nuno
1072 2962 1106 3027 et
1128 2953 1279 3050 deinoeps
1301 2981 1321 3026 a
1344 2977 1398 3028 me
1427 2957 1520 3029 vohis
1543 2961 1586 3028 sit
1608 2981 1673 3032 ve-

250 3083 420 3159 numdatos
443 3087 477 3152 et
499 3077 632 3149 traditm
653 3075 690 3150 in
711 3084 819 3150 vestra
841 3078 1044 3175 posterisque
1078 3078 1195 3152 vestris
1224 3089 1473 3178 memoratoque
1499 3087 1610 3156 saneto
1640 3088 1674 3154 et

251 3203 427 3282 venerabili
450 3209 561 3275 vestro
580 3199 778 3272 monasterio
801 3200 865 3274 sint
887 3209 1078 3297 potestatem
1101 3203 1261 3300 quidquid
1286 3205 1406 3280 exinde
1425 3208 1532 3280 facere
1555 3206 1674 3278 volue-

250 3331 322 3406 ritis
344 3350 470 3426 semper
492 3325 628 3398 liberam
650 3321 796 3398 habeatis
817 3332 1021 3420 potestatem.
1056 3331 1090 3396 et
1114 3345 1223 3422 neque
1246 3349 1266 3396 a
1287 3348 1342 3400 me
1365 3338 1547 3401 memorato
1580 3337 1675 3423 petro

251 3481 359 3556 neque
382 3481 401 3527 a
425 3455 507 3528 meis
533 3451 709 3527 heredibus
730 3451 822 3525 nullo
844 3459 991 3548 tempore
1013 3471 1195 3549 numquam
1217 3473 1277 3526 vos
1300 3461 1498 3526 memoratus
1521 3455 1672 3530 dominus

251 3561 378 3682 sergius
400 3579 595 3658 venerabilis
616 3600 801 3676 ygumenus
823 3585 881 3654 aut
902 3579 1040 3675 posteris
1062 3579 1178 3653 vestris
1193 3601 1254 3652 neo
1269 3589 1467 3654 memoratus
1489 3590 1618 3654 sanetus
1634 3591 1669 3654 et

253 3711 448 3790 venerantis
470 3711 578 3782 hester
600 3707 815 3782 monmterius
838 3707 930 3804 quod
961 3707 1044 3780 absit
1075 3706 1220 3782 habenis
1243 3709 1362 3782 exinde
1385 3708 1559 3806 aliquando
1582 3732 1672 3806 qua-

253 3859 397 3934 cumque
418 3831 666 3930 requisitionem
687 3836 746 3904 aut
766 3828 914 3902 molestia
936 3851 997 3924 per
1019 3828 1147 3904 nullum
1168 3831 1304 3904 modum
1327 3853 1387 3904 nee
1409 3854 1469 3926 per
1491 3833 1671 3904 summissis

254 3964 400 4064 personis
423 3961 466 4034 ba
489 3981 577 4033 nuno
600 3967 635 4034 et
656 3955 867 4054 imperpetuis
888 3955 1101 4051 temporibus
1125 3957 1260 4054 lumper
1282 3958 1372 4032 omni
1393 3965 1540 4052 tempore
1564 3965 1677 4052 aguet

254 4089 389 4167 heredes
412 4085 494 4160 meis
515 4083 610 4158 vebis
632 4080 835 4180 posterisque
856 4079 972 4154 vestris
996 4081 1114 4155 exinde
1149 4081 1191 4154 ab
1213 4082 1319 4154 omnis
1342 4080 1490 4154 homines
1522 4082 1677 4178 omnique

255 4238 392 4316 persona
415 4216 452 4288 iu
474 4211 627 4286 omnibus
648 4213 809 4282 antestare
831 4212 866 4281 et
890 4207 1056 4281 defensare
1084 4207 1307 4302 promittimus
1338 4207 1591 4304 imperpetuum.
1616 4230 1679 4303 pro

255 4367 296 4418 eo
318 4343 408 4442 quod
430 4342 465 4414 in
488 4337 630 4436 presenti
661 4333 771 4430 aeeepi
794 4343 815 4406 a
837 4331 932 4406 vohis
958 4331 1075 4406 exinde
1105 4333 1187 4405 idest
1217 4332 1290 4404 auri
1318 4331 1382 4400 tari
1405 4331 1464 4400 dui
1487 4331 1522 4404 in
1547 4353 1678 4406 omnem

257 4471 453 4546 decisionem
476 4491 534 4540 seu
557 4462 846 4540 deliberationem
879 4457 966 4544 Quia
988 4458 1035 4528 ita
1057 4457 1143 4529 inter
1165 4455 1260 4528 nobis
1295 4453 1481 4526 combenit:
1512 4455 1549 4526 si
1572 4467 1681 4530 auum

258 4621 321 4697 ego
344 4605 400 4670 aut
422 4595 558 4668 heredes
579 4590 662 4664 meis
683 4587 801 4686 quovis
834 4593 981 4677 tempore
1009 4590 1121 4653 corba
1152 4580 1236 4652 hane
1269 4577 1450 4652 chartulam
1484 4582 1681 4657 venditionis

218 4783 222 4789 .
258 4735 297 4798 ut
318 4741 416 4818 super
438 4717 558 4812 legitur
579 4710 691 4788 venire
713 4707 980 4806 presumserimus
1002 4712 1036 4776 et
1057 4702 1193 4777 minime
1216 4701 1500 4798 adimpleverimus
1523 4705 1585 4780 hee
1609 4728 1682 4778 om·

260 4848 315 4920 nia
337 4845 517 4918 memorata
540 4845 573 4912 et
596 4836 631 4908 in
655 4831 779 4928 aliquid
801 4827 914 4902 offensi
936 4824 1095 4900 brerimus
1117 4847 1177 4922 per
1200 4828 1318 4924 quovis
1343 4829 1478 4902 modum
1503 4839 1560 4901 aut
1583 4853 1681 4904 sum-

261 4972 366 5050 missis
388 4965 543 5064 personis.
565 4973 643 5042 tune
660 4957 885 5058 componimus
905 4953 999 5033 vobis
1022 4953 1223 5054 posterisque
1245 4954 1361 5030 vestris
1383 4955 1456 5030 auri
1480 4955 1600 5032 solidos
1622 4977 1681 5032 sex

362 5097 427 5171 Vol.
452 5095 499 5172 11.
1284 5092 1332 5158 20
