4954 6532
962 647 1084 748 (tt)

945 927 1086 1002 uxxru

399 1185 491 1279 †ln
525 1187 658 1260 nomine
693 1185 817 1256 domini
849 1183 902 1256 dei
933 1188 1101 1288 salvatoris
1131 1189 1233 1257 nostri
1264 1185 1359 1256 Iliun
1394 1183 1514 1255 Christi
1547 1186 1727 1278 lmperante
1803 1231 1857 1282 an,

308 1312 439 1384 domino
469 1326 582 1384 nosue
614 1312 824 1384 Constantino
855 1335 973 1406 magno
1005 1313 1202 1407 Imperatore
1230 1333 1315 1381 anno
1350 1309 1589 1403 quadrigesimo
1612 1309 1726 1380 octabu
1778 1343 1865 1406 956.

307 1437 362 1510 sed
386 1451 420 1511 et
453 1461 589 1509 romano
623 1461 744 1531 magno
779 1437 973 1530 imperatore
1005 1438 1075 1510 eius
1105 1439 1173 1508 filio
1209 1459 1293 1506 anno
1317 1435 1508 1506 undecimo:
1528 1433 1589 1502 Die
1613 1433 1725 1527 quinta

306 1564 425 1636 mensis
448 1565 530 1636 iunii
552 1565 728 1636 indictione
752 1565 990 1658 quartadecima
1013 1565 1183 1658 neapolim.
1210 1565 1340 1634 Certum
1356 1571 1403 1631 cst
1419 1583 1478 1629 nos
1503 1560 1725 1630 theodonanda

307 1685 439 1759 bumilis
461 1687 616 1760 abbatissa
647 1687 832 1760 monasterii
860 1686 945 1757 beati
969 1686 1152 1778 archangeli
1175 1686 1239 1780 qui
1258 1683 1436 1777 appellatur
1459 1683 1500 1750 ad
1525 1682 1636 1754 baiano
1660 1707 1725 1752 an-

306 1810 456 1884 cillarum
474 1793 532 1882 dei
554 1835 620 1882 una
643 1832 719 1882 cum
749 1819 858 1880 sumta
892 1813 1143 1904 congregatione
1174 1807 1406 1879 monacharum
1442 1806 1628 1875 memoratis
1659 1806 1726 1878 mei

308 1935 503 2008 monasterii.
535 1937 567 2006 A
601 1938 740 2029 presenti
775 1938 826 2008 die
861 1939 1040 2032 recepimus
1066 1966 1085 2010 a
1114 1949 1146 2011 te
1171 1959 1265 2008 maru
1288 1933 1445 2007 monacha
1469 1933 1534 2002 filia
1562 1933 1726 2024 quondam

308 2059 431 2128 domini
454 2061 537 2150 petri
560 2083 673 2130 omnes
696 2060 857 2130 chartulas
879 2073 999 2154 quanta
1022 2064 1165 2134 continet
1189 2063 1268 2133 duas
1290 2058 1476 2129 offertiones
1499 2077 1580 2150 quas
1594 2077 1727 2126 memo-

308 2189 398 2250 ratus
421 2180 549 2272 genitor
571 2191 647 2252 tuus
670 2181 747 2254 iecit
769 2183 805 2252 in
828 2193 1008 2262 memorato
1032 2195 1125 2258 santo
1140 2189 1253 2254 nostro
1271 2179 1475 2251 monasterio.
1498 2191 1531 2250 et
1547 2201 1726 2273 numquam

309 2325 567 2398 presummamus
589 2327 650 2375 nos
673 2318 729 2380 aut
752 2319 896 2400 posteras
911 2313 1036 2382 nostras
1052 2333 1112 2382 nec
1136 2317 1335 2378 memoratus
1350 2314 1460 2374 santus
1475 2312 1583 2374 noster
1607 2291 1728 2372 mona-

309 2429 423 2500 sterius
446 2439 478 2500 te
502 2440 558 2500 ant
581 2430 715 2500 heredes
739 2431 803 2502 tuis
832 2434 872 2502 dc
906 2433 975 2522 ipsa
999 2453 1111 2502 omnes
1134 2430 1280 2501 chartula
1304 2439 1424 2524 quanta
1447 2439 1625 2500 memorata
1648 2431 1728 2503 duas

310 2551 492 2626 offertiones
516 2552 658 2624 continet
682 2577 746 2647 qne
770 2577 831 2624 nos
853 2577 872 2624 a
896 2565 927 2626 te
951 2557 986 2624 ia
1009 2558 1150 2648 presenti
1182 2556 1365 2648 recepimus
1394 2555 1566 2651 aliquando
1590 2577 1727 2650 querere

310 2701 369 2772 per
391 2679 519 2752 nullum
542 2682 677 2753 modum
700 2703 760 2752 nec
782 2703 841 2774 per
864 2679 1042 2752 summissis
1075 2682 1222 2774 personis
1246 2683 1280 2754 in
1303 2692 1510 2778 perpetuum.
1536 2682 1668 2774 insuper
1693 2679 1728 2750 in

308 2809 452 2902 presenti
475 2834 494 2880 a
516 2819 548 2882 te
571 2820 807 2882 sacramentum
830 2807 1010 2902 recepimus
1033 2809 1171 2882 dicendo
1194 2810 1289 2882 nobis
1307 2818 1345 2880 ut
1362 2819 1397 2878 tn
1413 2809 1485 2901 plns
1500 2807 1645 2878 chartula
1660 2829 1728 2876 non

309 2935 475 3006 habuisset
499 2946 617 3030 quanta
640 2935 709 3030 ipsa
732 2939 811 3008 duas
833 2937 1017 3008 offertiones
1039 2939 1184 3009 continet
1206 2963 1267 3009 nec
1291 2940 1333 3008 de
1356 2938 1429 3028 ipso
1452 2931 1647 3006 monasterio
1666 2934 1730 3006 nisi

311 3069 431 3152 quana
453 3069 491 3130 tu
513 3060 612 3130 moro
634 3058 727 3130 noes
751 3061 876 3130 rems.
901 3061 976 3154 qna
1002 3061 1048 3131 aa
1070 3061 1163 3132 mse
1184 3060 1363 3134 iudicatum
1383 3061 1465 3132 nra:
1492 3060 1527 3130 sr
1544 3035 1653 3130 aaran
1669 3077 1729 3128 nos

311 3195 367 3254 aut
390 3191 533 3276 posteras
555 3193 680 3254 nostras
704 3185 757 3256 rel
779 3195 974 3256 memoratus
997 3194 1125 3256 sanctus
1147 3195 1257 3256 noster
1272 3185 1486 3257 monasterius
1502 3185 1619 3279 quovis
1641 3195 1730 3254 tem-

313 3328 392 3398 pore
415 3315 527 3378 contra
550 3306 611 3378 hac
625 3307 805 3380 chartulam
820 3307 1000 3380 securitatis
1015 3318 1052 3377 ut
1066 3329 1165 3400 super
1180 3309 1300 3400 legitur
1318 3307 1429 3378 venire
1444 3310 1725 3398 presumserimus.

310 3442 342 3504 et
362 3431 397 3500 in
421 3430 554 3526 aliquod
577 3431 803 3506 offenderimus
826 3457 884 3526 per
907 3431 1027 3526 quovis
1048 3431 1185 3502 modum
1208 3437 1265 3498 aut
1286 3425 1466 3498 summissis
1482 3429 1627 3518 pemoms
1650 3439 1727 3502 tunc

309 3553 534 3648 componimus
557 3553 617 3624 tibi
640 3555 770 3650 tuisque
794 3555 967 3658 borealibus
1002 3553 1075 3624 auri
1104 3549 1224 3624 solidos
1252 3549 1420 3644 sexaginta
1450 3547 1665 3641 bytbianteos.
1694 3561 1729 3622 et

310 3678 372 3750 bec
404 3678 551 3761 chartula
585 3682 764 3754 sensate
796 3692 835 3753 ut
866 3705 963 3774 snper
993 3680 1115 3772 legitur
1145 3679 1187 3748 sit
1219 3679 1325 3748 firma.
1362 3675 1515 3768 scriptam
1545 3699 1604 3770 per
1627 3701 1726 3752 manu

308 3805 445 3878 iohanni
467 3805 634 3898 scriptoris
657 3805 816 3898 discipmo
839 3804 962 3877 domiai
986 3803 1131 3898 gregorii
1154 3800 1336 3897 primmarii
1368 3799 1510 3874 scribere
1534 3804 1648 3897 rogavi
1672 3805 1724 3877 dis

310 3943 343 4006 et
367 3931 541 4004 indictione
564 3939 742 4002 memorata
765 3929 1003 4024 marudecima
1026 3927 1058 4023 †

405 4057 522 4152 †hoc
546 4054 680 4150 signum
704 4056 736 4149 †
757 4079 871 4128 manus
905 4056 1070 4126 nominata
1100 4056 1324 4129 theodonanda
1352 4056 1487 4130 humilis
1510 4057 1669 4129 abbatissa
1692 4067 1727 4132 et

310 4183 379 4254 eius
396 4179 649 4274 congregatione
671 4177 905 4250 monacharum
919 4179 1007 4272 quod
1024 4199 1086 4272 ego
1102 4179 1161 4270 qni
1176 4179 1358 4252 nominatos
1368 4203 1430 4276 pro
1445 4181 1492 4252 eis
1508 4181 1680 4275 subscripsi
1693 4179 1725 4276 †

305 4301 431 4415 —j
454 4314 542 4377 uro
566 4311 853 4374 macrauorc
875 4310 1049 4373 marone
1072 4282 1134 4374 dis
1156 4312 1418 4374 xrrcrooorr
1448 4315 1674 4381 rorsrorc
1697 4315 1727 4378 a

309 4433 413 4496 mua
436 4398 838 4496 rnoeousuaffis
862 4433 919 4498 ur
942 4435 1038 4498 erac
1061 4435 1414 4500 courrnrmrosn
1437 4435 1560 4500 unam
1574 4405 1727 4524 effetas

403 4541 546 4634 †-ur0
571 4553 740 4618 enorrc
765 4553 939 4618 umrorc
959 4529 1024 4620 'd'n
1045 4557 1181 4620 anons
1204 4555 1430 4622 roraroac
1446 4559 1474 4620 a
1490 4529 1595 4624 cem
1612 4561 1726 4624 ouo·

311 4671 520 4736 corsuna
543 4646 627 4738 s'ir'e
650 4675 707 4740 nr
730 4675 826 4740 usuc
850 4675 1213 4746 Konrrnrszrosn
1236 4683 1359 4748 rncun
1380 4649 1489 4746 eor‘n
1513 4667 1544 4762 †

390 4784 546 4896 [nro
571 4765 624 4862 fo
648 4801 822 4864 amore
838 4767 902 4862 a'rr
915 4797 1049 4862 suoru
1062 4773 1449 4868 perarmatus]
1464 4804 1724 4870 enosossrr-

312 4917 372 4980 ΔΑ
396 4919 480 4980 ann
505 4919 562 4982 nn
585 4921 681 4986 nuc
704 4921 1064 4986 xourrurazronn
1087 4923 1211 4990 rnen
1232 4928 1342 4990 corn
1365 4915 1397 5012 †

406 5046 436 5128 τ
459 5036 530 5128 llgo
554 5038 723 5130 gregorius
745 5038 917 5133 primarius
941 5039 1037 5112 buius
1054 5040 1193 5114 civitatis
1208 5042 1352 5136 neapolis
1367 5042 1532 5139 Compleri
1547 5055 1580 5117 et
1597 5043 1721 5120 absolsi

318 5155 371 5226 dia
395 5165 427 5226 et
448 5157 624 5230 indictione
647 5160 810 5230 nominata
832 5161 1068 5256 quartadecima
1089 5159 1121 5256 †

413 5283 473 5352 l'ttl.
501 5285 549 5354 ll.
1357 5301 1377 5362 7
