4876 6532
878 702 894 793 (
920 708 962 772 ⁸⁷
988 700 1002 796 i

227 879 348 956 ponere
371 855 465 929 vobis
487 853 605 928 exinde
628 851 826 928 securitate:
863 873 951 926 nune
982 859 1090 928 nutem
1122 852 1158 925 in
1180 855 1320 949 presenti
1342 859 1449 952 recepi
1473 882 1492 930 s
1514 881 1651 954 persone

227 987 329 1084 ipsius
351 985 449 1058 unius
470 981 622 1056 monaehi
644 981 744 1054 vestri
758 991 975 1054 memoratum
990 989 1225 1054 sacramentum
1250 991 1283 1054 et
1306 983 1436 1056 definivi
1451 985 1567 1062 exinde
1583 1011 1652 1061 ro·

227 1111 355 1184 bissum
378 1108 413 1179 in
436 1106 598 1180 omnibns.
615 1113 654 1176 nt
676 1129 717 1178 nv
733 1105 867 1178 odierna
882 1104 934 1178 die
956 1127 1062 1200 neque
1086 1129 1106 1175 e
1121 1127 1174 1176 me
1190 1115 1369 1178 memorato
1385 1107 1529 1203 etigemo
1545 1135 1653 1209 neque

230 1265 249 1312 ι
270 1237 352 1310 meis
375 1233 551 1308 heredibus
573 1231 666 1328 nullo
697 1239 845 1328 tempore
867 1253 928 1329 pro
951 1241 1128 1306 memorate
1161 1231 1214 1304 vis
1251 1231 1391 1327 qualiter
1420 1237 1569 1329 superins
1593 1263 1653 1334 per

228 1367 315 1462 ipsos
337 1364 493 1436 termines
514 1368 548 1432 et
571 1383 630 1456 per
652 1359 721 1456 ipse
745 1383 895 1436 mensura
921 1363 1141 1458 exegregnstis
1163 1383 1277 1458 usque.
1301 1362 1342 1434 ed
1357 1362 1539 1456 predictum
1555 1387 1656 1438 cess-s

228 1492 292 1564 lem
314 1497 461 1564 venem
484 1488 573 1584 qnod
596 1485 680 1558 obsit
701 1485 845 1560 bebeetis
880 1507 939 1560 ros
962 1493 1143 1558 memorato
1166 1485 1298 1558 domino
1333 1486 1442 1582 sergio
1473 1488 1652 1564 venerabili

229 1620 384 1714 igumeno
396 1625 453 1688 ont
465 1615 602 1712 posteris
625 1614 740 1688 restris
757 1637 817 1688 nec
833 1623 1032 1688 memoratus
1046 1623 1173 1686 sanctus
1195 1623 1229 1686 et
1252 1612 1443 1711 uenerabilis
1457 1615 1562 1688 hester
1575 1641 1657 1692 mo-

229 1746 386 1820 nasterius
407 1764 615 1842 quecumque
648 1744 895 1840 requisitionem
932 1750 989 1814 eut
1017 1743 1165 1814 molestie
1194 1763 1254 1838 per
1276 1741 1403 1816 nullum
1437 1744 1571 1820 mosum
1594 1769 1656 1822 uec

227 1895 286 1966 per
309 1871 489 1944 summissis
509 1870 655 1966 personis
677 1869 888 1966 imperpetnis
910 1869 1122 1964 temporibus.
1154 1871 1289 1966 Insuper
1311 1870 1400 1946 omni
1423 1878 1569 1966 tempore
1593 1896 1657 1968 eqo

228 2005 263 2066 et
284 1995 421 2068 heredes
443 1991 523 2066 meis
555 1994 648 2067 robis
678 1995 881 2090 posterisque
904 1994 1019 2066 restris
1042 2017 1104 2088 pro
1138 2004 1316 2066 memorate
1338 1995 1393 2068 vie
1415 2005 1574 2090 quantum
1595 2019 1657 2091 per

228 2140 342 2192 meum
365 2118 455 2190 redit
478 2118 630 2220 omnibus
653 2119 855 2190 eonsortibus
879 2120 960 2192 meis
984 2127 1018 2188 et
1041 2141 1157 2190 eornm
1179 2117 1353 2192 heredibus
1380 2120 1517 2214 desuper
1539 2117 1654 2194 tollere

231 2242 453 2340 promittimus
485 2243 574 2314 nullo
607 2244 703 2315 vobis
734 2247 897 2347 mittentes
920 2245 1179 2320 boeesnsionem.
1203 2247 1280 2341 quis
1302 2246 1349 2317 ite
1372 2245 1456 2318 mter
1478 2245 1571 2318 nobis
1594 2248 1656 2318 iu-

232 2367 375 2440 dicatum
398 2371 459 2436 est.
494 2362 530 2435 Si
553 2374 663 2436 eutem
687 2387 750 2458 ego
773 2374 829 2434 ent
851 2364 987 2436 heredes
1010 2365 1091 2435 meis
1113 2365 1230 2459 quovis
1265 2373 1408 2457 tempore
1437 2363 1656 2438 contrahens

232 2487 411 2560 ebertnlmn
444 2486 623 2559 securitatis
648 2495 686 2558 nt
708 2507 806 2578 snper
829 2483 951 2577 legitur
981 2485 1094 2556 venire
1122 2486 1390 2580 presumserimus
1419 2495 1452 2558 et
1474 2485 1509 2558 in
1532 2486 1656 2582 eliquid

231 2611 345 2684 offensi
367 2609 524 2682 fuerimus
547 2631 606 2704 per
629 2607 747 2704 quovis
771 2607 905 2678 modum
929 2617 987 2678 eut
1001 2609 1180 2682 summissis
1197 2609 1352 2706 personis
1376 2619 1454 2682 tune
1477 2614 1653 2706 componi-

230 2757 305 2808 mus
326 2733 421 2806 robis
442 2731 653 2829 posterisque.
677 2730 795 2802 vestris
816 2741 1064 2828 memoratoque
1087 2743 1197 2806 saneto
1212 2747 1245 2806 et
1260 2733 1435 2814 venerabili
1451 2745 1559 2808 vestro
1574 2757 1654 2807 mo-

231 2862 371 2934 nasterio
394 2859 468 2934 euri
488 2859 608 2932 solidos
629 2858 821 2960 trigintesex
834 2853 1049 2954 bythienteos.
1065 2869 1098 2932 et
1112 2857 1174 2932 beo
1189 2859 1335 2934 chartule
1349 2859 1487 2956 qualiter
1510 2861 1654 2932 eontinet
1789 2953 1793 2977 K

230 2989 325 3061 firme
348 2995 537 3082 permaneat
559 2985 811 3080 imperpetuum.
837 2985 957 3080 scripte
980 3008 1040 3080 per
1061 3009 1177 3060 manus
1204 2986 1337 3058 iohanni
1360 2985 1489 3060 cunnb's
1512 2985 1654 3058 scribere

231 3115 348 3212 rogeri
372 3137 432 3210 per
454 3114 629 3186 indictione
652 3123 831 3186 memorate
855 3115 950 3185 tertie
974 3111 1006 3206 †

328 3243 392 3316 hoe
416 3239 545 3336 signum
568 3239 599 3336 †
623 3263 739 3314 menne
761 3241 933 3315 memorati
958 3242 1094 3336 eligerni
1117 3244 1207 3340 quod
1231 3265 1294 3338 ego
1310 3243 1369 3339 qui
1386 3253 1582 3318 memoratos
1596 3267 1659 3340 pro

234 3387 312 3439 eum
335 3365 509 3460 subscripsi
532 3359 564 3458 †

328 3486 361 3582 †
394 3493 485 3560 nro
523 3493 745 3564 sermone
780 3495 958 3562 srmone
996 3465 1059 3560 nn
1082 3492 1358 3564 esoorrsrrr
1378 3495 1660 3568 rennueret
1734 3495 1737 3508 ·

233 3617 341 3718 εἶιῗό
361 3653 584 3720 rurrseno
607 3653 733 3721 nserr
755 3622 922 3741 conspL
1016 3750 1053 3768 .-

327 3765 471 3862 †sro
493 3777 765 3843 rememoro
800 3779 975 3844 srmone
1001 3781 1063 3844 nn
1086 3774 1222 3844 IIETPI
1250 3753 1664 3848 postponerent

233 3893 453 3966 tsn'tsrno
475 3895 600 3964 rscrr
622 3873 785 3986 οΐιιιῒ
962 3989 1011 4008 ..
1560 3997 1659 4016 *-

327 4016 359 4114 †
382 4025 472 4092 nro
494 4027 742 4144 PPEPOQ
757 4025 933 4092 errrore
949 4025 1011 4090 nn
1034 4025 1206 4091 sunem
1230 4025 1457 4098 sorssors
1491 4025 1520 4092 s
1554 4031 1661 4093 coro

235 4149 457 4219 demerso
481 4153 606 4219 ructu
628 4157 740 4218 cons
763 4141 794 4239 †

330 4267 362 4364 †
385 4271 457 4366 Ego
481 4271 636 4345 iohannes
660 4271 799 4345 Coriolis
822 4270 990 4370 complevi
1014 4279 1047 4346 et
1070 4271 1193 4346 absolvi
1212 4273 1461 4368 per·indietione
1483 4283 1661 4348 memorata

239 4397 331 4469 teris
357 4396 390 4494 †
