4876 6532
926 581 1093 675 (⁷⁵).

282 759 360 808 cum
386 733 557 807 arboribus
580 755 638 804 seu
661 731 793 802 introita
817 755 875 804 sua
899 742 932 804 et
953 731 1104 804 omnibus
1126 733 1188 806 sivi
1206 737 1439 829 pertinentibus
1461 741 1496 811 in
1519 751 1624 814 uestra
1638 767 1702 816 re·

281 862 419 956 atrisque
442 859 580 954 posteris
596 857 661 928 sint
675 865 832 950 potestate
855 875 986 952 queque
1009 859 1126 930 exinde
1149 861 1254 932 iacere
1279 862 1474 934 volueritis:
1500 876 1532 936 et
1555 891 1660 961 neque
1684 895 1703 938 a

283 1008 334 1058 nse
357 991 535 1056 memorata
558 979 661 1051 maria
685 979 820 1052 honesta
843 980 962 1051 semina
985 1001 1061 1052 cuna
1085 1003 1277 1053 consensum
1294 985 1465 1054 memorati
1481 986 1544 1056 viri
1559 989 1622 1060 mei
1639 1013 1703 1061 ne-

283 1134 346 1206 que
370 1135 389 1182 a
411 1110 492 1181 meis
514 1105 686 1180 heredibus
709 1129 768 1178 nec
793 1131 812 1177 a
835 1106 928 1178 nobis
950 1107 1096 1200 personis
1118 1109 1296 1180 summissis
1319 1110 1410 1180 nullo
1434 1119 1578 1205 tempore
1601 1139 1703 1188 num-

283 1259 381 1332 quam
405 1259 463 1308 ros
485 1245 668 1308 memorato
691 1232 825 1305 domino
848 1231 956 1328 sergio
972 1234 1149 1306 venerabili
1162 1211 1317 1327 igumeno
1334 1243 1390 1305 aut
1402 1247 1579 1308 memorata
1592 1252 1697 1312 sancta

284 1373 316 1433 et
339 1359 527 1432 venerabilis
550 1367 656 1430 restra
679 1358 927 1451 congregatione
951 1357 1184 1430 monachorum
1207 1359 1376 1430 memorati
1399 1361 1500 1431 sancti
1516 1371 1549 1432 et
1563 1385 1703 1435 venere-

285 1487 357 1560 bitis
379 1489 479 1561 vestri
501 1485 687 1560 monasterii
702 1493 758 1558 aut
771 1485 909 1580 posteris
932 1486 1045 1560 vestris
1060 1487 1148 1582 quod
1164 1487 1245 1558 absit
1261 1487 1379 1562 abeatis
1395 1489 1512 1561 exinde
1529 1489 1701 1585 aliquando

285 1614 527 1710 requisitionem
551 1623 606 1684 aut
629 1612 774 1686 molestia
790 1635 911 1708 anunc
928 1621 961 1684 et
974 1611 1009 1684 in
1031 1615 1193 1708 perpetuis
1216 1614 1439 1708 temporibus:
1464 1618 1597 1710 insuper
1619 1621 1706 1692 stetit

285 1742 370 1813 inter
393 1741 486 1814 nobis
509 1751 546 1813 ut
568 1742 659 1813 omni
681 1740 814 1812 homine
842 1741 901 1836 qui
924 1741 1017 1813 robis
1040 1741 1093 1812 vel
1115 1750 1148 1812 at
1170 1741 1306 1836 posteris
1332 1744 1447 1814 vestris
1470 1741 1510 1812 de
1533 1753 1709 1818 memorata

284 1877 372 1938 terra
395 1891 460 1962 que
483 1874 619 1938 uocatur
641 1865 759 1936 lamma
781 1865 904 1938 maiore
928 1873 984 1936 aut
1006 1866 1047 1938 de
1069 1873 1245 1936 memorata
1268 1865 1363 1938 tertia
1377 1864 1418 1938 de
1432 1877 1609 1940 memorata
1623 1877 1708 1942 terra

286 2014 352 2085 que
376 1991 562 2062 nominatur
585 2001 784 2084 compertum
816 1979 874 2086 qui
897 1989 959 2061 fuit
982 1990 1022 2062 de
1045 1991 1194 2084 portione
1227 1997 1404 2062 memorate
1439 1991 1540 2064 marie
1565 1993 1707 2066 exadciia

284 2135 358 2184 mea
381 2137 446 2206 que
470 2137 532 2208 ego
555 2113 648 2185 robis
672 2115 746 2185 dedi
765 2123 802 2188 ut
818 2136 914 2208 super
938 2113 1057 2207 legitur
1079 2113 1171 2184 vobis
1187 2113 1304 2188 exinde
1320 2113 1432 2187 tollere
1448 2115 1607 2187 voluerit:
1627 2125 1704 2190 tunc

285 2235 541 2328 omnitempore
564 2259 626 2330 ogo
649 2246 681 2310 et
703 2237 877 2310 heredibus
898 2236 979 2309 meis
1002 2236 1095 2308 vobis
1117 2236 1295 2332 vestrisque
1311 2237 1445 2331 posteris
1461 2239 1533 2310 iilos
1549 2249 1704 2314 antestare

287 2368 319 2428 et
342 2357 507 2429 defensare
537 2358 736 2430 dehiseunt
762 2358 884 2452 absque
906 2357 935 2428 si
957 2358 1074 2450 aliquis
1107 2357 1223 2429 exindo
1247 2358 1301 2429 via
1328 2359 1447 2432 babere
1483 2361 1622 2432 voluerit
1645 2384 1704 2434 vos

286 2482 377 2554 vobis
399 2469 471 2553 illos
495 2481 584 2552 omni
607 2489 752 2575 ternpore
775 2480 969 2552 contendere
991 2479 1131 2550 debeatis
1144 2489 1178 2552 et
1193 2503 1256 2574 ego
1273 2489 1306 2554 et
1320 2481 1456 2556 heredes
1477 2484 1558 2556 meis
1581 2486 1620 2556 de
1636 2484 1704 2580 ipss

286 2610 339 2680 ria
361 2607 519 2680 indemnis
541 2615 574 2680 et
595 2606 700 2680 securi
721 2629 928 2679 mmeamus:
953 2615 1089 2708 excepto
1111 2607 1140 2678 si
1162 2607 1203 2680 de
1226 2619 1417 2681 memoratas
1433 2623 1535 2706 terras
1548 2611 1703 2704 perdide-

285 2733 355 2805 ritis
379 2731 462 2803 clara
485 2734 567 2804 iacta
589 2731 723 2804 veritate
746 2738 785 2802 ut
817 2751 914 2825 super
947 2729 1066 2824 legitur
1097 2731 1166 2804 sinc
1200 2732 1289 2803 omni
1320 2741 1428 2804 restro
1456 2733 1597 2804 colludio
1627 2745 1704 2806 tune

269 2875 318 2933 'at
341 2881 490 2931 mensura
512 2881 570 2953 per
592 2859 676 2953 passi
698 2857 798 2930 alium
819 2865 944 2928 tantum
967 2856 1059 2928 robis
1082 2858 1158 2930 dare
1181 2859 1353 2931 debeamus
1369 2859 1409 2930 dc
1428 2867 1604 2932 memorata
1618 2867 1703 2931 terra

287 3007 359 3056 rnea
382 2985 459 3081 quia
483 2983 528 3054 sic
551 2983 636 3054 inter
657 2981 750 3054 nobis
773 2980 883 3053 stetit:
910 2979 945 3050 Si
968 2989 1076 3054 autem
1100 2981 1192 3052 aliter
1222 2984 1393 3052 fecerimus
1416 2985 1457 3054 de
1480 2983 1531 3052 his
1555 2983 1706 3054 omnibus

286 3107 470 3180 memoratis
493 3113 570 3178 tuuc
593 3099 754 3200 compono
777 3127 840 3199 ego
862 3110 896 3174 et
919 3103 1052 3175 heredes
1074 3103 1154 3176 meis
1177 3103 1270 3176 robis
1285 3105 1485 3200 posterisque
1502 3106 1616 3178 vestris
1632 3106 1705 3180 auri

288 3233 406 3306 solidos
429 3231 544 3326 viginti
566 3230 768 3328 bytbianteos
791 3237 824 3301 et
845 3228 907 3302 bec
930 3227 1073 3300 chartula
1097 3236 1135 3301 ut
1157 3246 1253 3322 super
1276 3225 1395 3322 legitur
1417 3227 1459 3299 sit
1479 3229 1573 3302 firma
1589 3229 1706 3324 scripta

287 3381 346 3453 per
369 3381 483 3433 manus
505 3358 648 3454 gregorii
671 3357 799 3430 curialis
823 3365 856 3428 et
878 3354 1037 3426 scriniarii
1060 3375 1118 3448 per
1134 3360 1311 3425 memorata
1325 3354 1463 3425 secunda
1484 3352 1705 3448 indictione†

383 3486 447 3558 boc
469 3485 597 3582 signum
620 3483 653 3580 †
674 3507 790 3558 manus
812 3493 988 3555 memorate
1011 3479 1112 3552 marie
1135 3502 1211 3550 curn
1225 3499 1380 3549 consensu
1397 3479 1566 3550 memorati
1579 3479 1703 3552 mastali

290 3611 391 3684 anacli
422 3610 508 3682 iilius
530 3609 594 3680 viri
625 3609 678 3680 sui
707 3631 768 3702 ego
790 3629 852 3702 pro
875 3605 922 3676 eis
944 3603 1118 3698 subscripsi
1141 3602 1172 3694 †
1195 3612 1227 3672 et
1251 3624 1291 3670 oc
1315 3610 1489 3672 memorata
1523 3623 1596 3672 sum
1626 3603 1703 3698 quia

291 3739 328 3810 dc
351 3739 482 3832 propria
504 3757 599 3807 causo
621 3743 727 3805 vestra
750 3729 1020 3828 superiunxistitis
1043 3727 1124 3798 mibi
1147 3727 1218 3800 auri
1232 3727 1352 3816 solidos
1368 3726 1524 3822 quimque
1547 3728 1705 3822 bythian-

291 3874 359 3936 teos
382 3867 417 3936 in
440 3853 571 3935 cant'um
593 3859 676 3932 sicut
699 3860 782 3931 inter
804 3857 897 3930 nobis
922 3853 1086 3926 convenit
1110 3851 1141 3948 †

385 3988 417 4082 †
439 4011 502 4083 ego
524 3990 663 4072 stefanus
685 3985 770 4058 filius
791 3982 915 4057 donini
937 3981 1023 4052 leoni
1046 3991 1176 4074 rogatus
1200 4005 1219 4052 a
1241 3981 1472 4076 suprascriptos
1495 3981 1616 4074 iugales
1632 3981 1704 4055 terti

292 4112 463 4206 subscripsi
485 4107 516 4204 †

385 4231 418 4328 †
439 4255 501 4330 ego
523 4233 691 4328 gregorius
713 4230 798 4305 filius
820 4231 944 4304 domini
966 4229 1112 4302 iohannis
1128 4237 1259 4324 rogatus
1282 4251 1301 4299 a
1324 4229 1557 4328 suprascriptos
1580 4229 1702 4326 iugales

295 4364 368 4436 testi
392 4361 562 4458 subscripsi
585 4359 617 4456 †

385 4484 501 4581 †ego
523 4483 692 4581 gregorius
714 4483 798 4556 iilius
822 4483 945 4556 domini
967 4481 1115 4556 iohannis
1137 4493 1270 4578 rogatus
1293 4481 1557 4576 asuprascriptos
1580 4483 1704 4576 iugales

295 4613 368 4686 testi
390 4611 562 4708 subscripsi
586 4609 618 4706 †
1667 4677 1679 4696 ‚

386 4737 419 4830 †
440 4739 512 4830 Ego
534 4740 702 4838 gregorius
724 4737 861 4812 Curialis
883 4748 916 4810 et
929 4737 1112 4810 scriniarius
1126 4737 1292 4832 Compievi
1306 4759 1365 4832 per
1378 4747 1554 4812 memorata
1568 4740 1704 4812 secunda

296 4859 468 4934 indictione
492 4855 524 4952 †
