4876 6532
942 657 1089 754 (rao)

962 947 1060 1020 CXV.

885 1200 1011 1272 Christe
1035 1201 1117 1272 fave.

380 1416 461 1513 †ln
476 1415 610 1492 nomine
625 1417 751 1492 domini
766 1418 820 1490 dei
835 1417 1004 1490 salvatoris
1019 1417 1123 1488 nostri
1135 1415 1232 1491 fbesn
1246 1418 1369 1492 Christi
1380 1421 1563 1516 lmperanto
1580 1422 1713 1498 domino
1778 1454 1836 1502 an.

288 1555 400 1620 nostro
423 1545 607 1642 nioiplrorio
630 1570 750 1644 magno
765 1547 966 1643 Imperatore
990 1570 1074 1620 anno
1092 1547 1234 1620 secundo
1251 1547 1304 1620 die
1320 1548 1472 1620 uicesima
1486 1572 1571 1622 nona
1595 1553 1713 1624 mensis
1763 1561 1849 1628 965.

288 1675 417 1768 augusti
441 1673 614 1748 indictione
636 1673 773 1746 boctuba
795 1673 947 1770 neapoli:
972 1673 1106 1746 &mum
1129 1679 1177 1746 est
1199 1695 1253 1743 mc
1268 1671 1373 1744 cicino
1390 1681 1423 1746 et
1446 1674 1527 1771 lupo
1548 1679 1712 1770 germanis

289 1800 362 1872 filiis
378 1801 541 1894 quondam
555 1801 643 1874 leoni
658 1800 867 1876 abitatoribus
884 1802 919 1874 in
934 1799 1008 1872 loco
1024 1800 1083 1896 qui
1097 1810 1233 1873 vocatur
1255 1797 1350 1872 massi
1369 1799 1536 1872 territorio
1551 1801 1712 1896 plegiense

289 1949 355 1998 una
379 1949 455 1998 curn
479 1929 644 2004 voluntate
666 1930 807 2026 presenti
814 1976 1066 2000 ...........
1097 1937 1129 1999 et
1136 1974 1337 2000 .........
1368 1927 1515 2022 coniugis
1538 1949 1652 2003 meac:
1678 1932 1709 2002 A

289 2056 431 2148 presenti
467 2056 519 2128 die
552 2057 771 2151 promtissima
794 2057 961 2130 voluntate
984 2053 1250 2127 Venundedimus
1282 2061 1316 2126 et
1343 2054 1535 2128 tradidimus
1557 2055 1617 2128 tibi
1642 2059 1710 2132 do-

289 2181 378 2304 miup
402 2183 555 2276 gregorio
578 2183 754 2256 venerabili
777 2183 968 2278 presbytero
999 2190 1033 2255 et
1054 2180 1181 2254 medico
1217 2188 1327 2252 custus
1358 2181 1491 2254 ecclesia
1514 2183 1615 2256 sancti
1645 2207 1710 2258 ou-

288 2307 379 2380 fimii.
415 2309 507 2380 lDest
537 2309 663 2380 inclitus
697 2311 778 2382 durs
811 2312 913 2404 petias
945 2331 1034 2382 meas
1058 2309 1098 2382 dc
1121 2317 1223 2380 terras
1246 2329 1312 2404 quo
1335 2316 1495 2380 uocantur
1522 2313 1709 2404 pumecaria

287 2434 390 2528 posita
414 2433 448 2504 in
471 2431 639 2504 nominato
661 2433 735 2504 loco
757 2436 853 2504 massi
876 2457 952 2504 cum
976 2431 1147 2505 acroribus
1170 2432 1343 2506 fructiferis
1366 2433 1420 2506 vel
1441 2435 1648 2508 infructiferis
1675 2448 1710 2510 et

288 2579 363 2629 cum
386 2555 533 2628 introitus
557 2573 633 2628 suas
654 2565 688 2628 et
710 2553 862 2626 omnibus
884 2555 933 2628 eis
955 2555 1206 2650 pertinentibus:
1232 2557 1291 2653 qui
1315 2558 1447 2632 roboret
1470 2558 1511 2630 ab
1533 2582 1598 2632 una
1613 2583 1656 2632 ex
1670 2585 1709 2634 ea

286 2684 373 2778 petia
396 2685 437 2756 do
458 2707 527 2756 uno
550 2681 649 2756 latere
672 2682 725 2754 via
748 2681 878 2778 publica
901 2681 1017 2756 abente
1040 2681 1162 2756 ibidem
1185 2705 1337 2758 mensura
1363 2707 1475 2780 passos
1507 2687 1710 2784 quadragin-
1819 2673 1823 2680 ¹

287 2810 466 2912 taquinque
490 2821 523 2882 et
544 2809 695 2906 gubitnm
718 2833 835 2882 unum.
859 2811 957 2884 etde
980 2809 1046 2884 alio
1069 2809 1171 2884 latere
1195 2817 1281 2883 terra
1303 2813 1450 2908 stephani
1472 2816 1582 2908 nepoti
1597 2823 1708 2887 nostro

286 2936 381 3007 sicuti
405 2935 489 3006 inter
512 2956 546 3008 se
568 2935 719 3008 terminos
742 2936 895 3008 exlinunt.
933 2935 1008 3008 abet
1030 2935 1153 3010 ibidem
1176 2953 1286 3034 passos
1318 2939 1534 3032 quadraginta
1563 2941 1654 3012 duos
1679 2949 1712 3012 et

287 3065 328 3136 de
351 3085 418 3134 uno
441 3061 545 3158 capite
568 3072 655 3134 terra
677 3063 802 3136 domini
826 3063 975 3136 iohannis
998 3065 1122 3138 calbusi
1148 3066 1244 3139 sicuti
1266 3066 1353 3140 inter
1376 3089 1412 3140 se
1436 3067 1589 3140 termines
1621 3068 1711 3140 exli-

287 3201 372 3262 nrnt.
395 3200 429 3262 et
449 3189 523 3264 abet
544 3191 665 3264 ibidem
687 3211 837 3263 mensura
860 3191 901 3266 de
924 3192 1095 3266 latitudine
1118 3215 1229 3289 passos
1253 3193 1473 3288 trigintanobe
1500 3193 1610 3268 minus
1640 3217 1710 3290 gu-

289 3321 392 3392 bitum
415 3341 528 3392 unum.
552 3321 648 3392 etde
672 3319 736 3392 alio
759 3320 863 3414 capite
886 3327 973 3392 terra
995 3321 1080 3415 petri
1104 3323 1216 3416 nepoti
1239 3330 1351 3394 nostro
1374 3323 1471 3394 sicuti
1486 3323 1571 3396 inter
1593 3343 1628 3394 se
1647 3331 1712 3394 ter·

292 3447 395 3519 mines
418 3447 568 3520 exlinant
590 3455 624 3518 et
637 3447 758 3520 ibidem
771 3447 844 3520 abet
858 3469 968 3544 passos
982 3447 1100 3545 viginti
1115 3457 1269 3545 quattuor
1283 3447 1391 3520 minus
1415 3447 1565 3542 gubitum
1580 3469 1683 3520 unum
1698 3475 1708 3519 a
1730 3501 1733 3516 ,

292 3583 327 3646 ot
348 3579 526 3646 memorata
548 3570 633 3645 balio
655 3571 742 3668 petia
764 3571 895 3646 coheret
918 3575 958 3648 de
982 3597 1047 3646 una
1069 3581 1160 3668 parts
1182 3583 1269 3646 terra
1291 3573 1428 3646 moraldi
1453 3573 1583 3667 cognati
1599 3581 1710 3646 nostro

289 3701 383 3774 uenti
404 3703 490 3774 inter
512 3723 547 3773 se
570 3700 722 3802 termines
756 3703 911 3774 exfiuant.
935 3711 969 3774 et
992 3705 1034 3776 de
1057 3702 1122 3776 alia
1155 3711 1247 3798 parte
1276 3711 1362 3774 terra
1390 3701 1563 3774 memorati
1586 3701 1710 3774 domini

288 3825 421 3898 iohanni
443 3824 565 3896 culbusi
588 3825 735 3896 similiter
757 3824 853 3896 sicuti
875 3826 961 3898 inter
983 3847 1018 3898 se
1041 3826 1194 3900 termines
1217 3829 1373 3902 exfinant.
1398 3835 1432 3898 et
1455 3849 1499 3896 ex
1522 3825 1584 3896 alia
1614 3834 1706 3920 parts

287 3959 373 4021 terra
396 3949 495 4046 sergii
520 3949 641 4021 berarii
673 3948 767 4020 uenti
798 3949 884 4020 inter
915 3969 950 4022 sc
983 3949 1115 4044 egripus
1147 3950 1289 4021 exfinant
1322 3958 1355 4022 et
1377 3973 1396 4020 a
1421 3970 1501 4018 vero
1534 3947 1598 4018 aliu
1620 3955 1711 4040 purte

289 4087 374 4150 terra
381 4124 584 4150 .........
599 4075 640 4146 de
662 4072 864 4169 longitudine
886 4094 996 4170 passos
1018 4074 1246 4168 vigintibocto.
1271 4082 1305 4148 et
1328 4075 1369 4145 de
1393 4073 1561 4145 latitudine
1585 4071 1621 4142 in
1643 4094 1711 4144 uno

288 4204 393 4298 cupite
414 4225 522 4298 passos
546 4211 669 4296 septem
676 4247 854 4274 ........
876 4223 987 4298 passos
1010 4224 1081 4274 sex.
1107 4203 1184 4274 totis
1207 4200 1395 4274 memoratis
1420 4200 1504 4296 passi
1534 4199 1710 4271 mensurati

289 4341 364 4404 sunt
386 4331 427 4402 ad
449 4353 577 4426 passum
598 4301 706 4402 sancte
721 4325 922 4423 neapolitano
938 4327 1095 4401 ecclesie:
1123 4327 1214 4400 Unde
1235 4325 1317 4399 nihil
1339 4324 1432 4396 nobis
1456 4323 1573 4394 exinde
1589 4322 1712 4418 aliquot

296 4455 448 4530 remansit
462 4464 519 4528 aut
533 4453 768 4526 reserbavimus
784 4475 844 4524 uec
860 4453 896 4524 in
912 4453 1015 4526 abeno
1028 4453 1185 4546 cuiusque
1201 4433 1337 4544 persona
1355 4447 1445 4544 quod
1464 4445 1546 4516 absit
1562 4445 1710 4516 commisi

289 4595 346 4656 aut
367 4585 434 4655 iam
455 4582 657 4656 comictimus
680 4589 863 4676 potestate:
888 4581 937 4652 lta
960 4593 999 4652 ut
1021 4603 1143 4652 cnunc
1158 4588 1191 4650 et
1207 4579 1356 4670 deinceps
1375 4575 1440 4646 iam
1460 4574 1560 4646 dictas
1583 4572 1709 4646 inclitas

290 4708 399 4780 ambas
419 4716 521 4780 terras
542 4713 668 4778 nostras
690 4704 810 4806 positas
834 4703 869 4774 in
891 4711 1071 4776 memorato
1094 4702 1167 4772 loco
1198 4723 1301 4772 massa
1324 4707 1357 4772 et
1381 4699 1567 4774 nominatur
1591 4705 1625 4768 at
1647 4720 1707 4792 pu·

290 4835 427 4910 mecerin
450 4857 526 4906 cum
548 4833 718 4906 urvoribus
740 4831 916 4904 fructiferis
938 4832 992 4904 vel
1014 4831 1221 4902 infructiferis
1246 4838 1278 4902 et
1302 4853 1378 4902 cum
1400 4829 1547 4900 introitus
1579 4848 1654 4900 suas
1676 4833 1710 4898 ef

291 4961 439 5036 omnibus
461 4962 509 5039 eis
531 4961 765 5058 pertinentibus
787 4957 884 5032 sicuti
907 4969 1101 5032 memoratas
1117 4959 1317 5032 coherentias
1337 4969 1369 5030 et
1383 4955 1616 5054 prenominatis
1633 4964 1708 5028 ter·
