4876 6532
1382 559 1395 655 t
1418 569 1461 631 ⁷⁸
1488 561 1504 649 )

1341 847 1529 922 nxxxvu.

605 1139 657 1183 an.
822 1111 852 1208 †
875 1111 912 1182 ln
934 1107 1066 1181 nomino
1081 1105 1206 1180 domini
1221 1104 1274 1178 dei
1288 1105 1457 1178 salvatoris
1470 1099 1575 1176 nostri
1589 1102 1663 1174 Iesu
1678 1099 1800 1172 Christi
1815 1097 1997 1194 imperante
2011 1099 2143 1174 domino

495 1331 502 1346 .
583 1251 668 1310 960·
726 1250 838 1316 nostro
873 1238 1079 1313 Constantino
1114 1231 1346 1328 porfirogeoito
1376 1253 1496 1326 magno
1527 1231 1723 1323 Imperatore
1758 1249 1843 1296 enno
1872 1225 2141 1344 quinquagesimp

727 1367 869 1441 secundo
901 1365 957 1436 sed
981 1370 1014 1434 et
1036 1381 1173 1430 romono
1201 1377 1320 1447 magno
1350 1355 1543 1448 imperatore
1579 1353 1648 1424 eius
1677 1351 1745 1422 filio
1768 1372 1854 1422 anno
1876 1349 2135 1445 quintodecimo.

728 1494 789 1564 Die
814 1490 925 1586 quinta
949 1484 1066 1555 mensis
1089 1477 1244 1551 februarii
1266 1477 1439 1550 indictione
1463 1477 1558 1547 tertis
1580 1475 1727 1569 neapoli:
1763 1473 1895 1546 Certum
1924 1484 1971 1546 est
1993 1499 2046 1549 mc
2070 1487 2140 1548 ste-

728 1618 871 1710 phanum·
895 1611 952 1704 qui
976 1629 1072 1699 super
1095 1629 1213 1678 nomen
1236 1605 1404 1677 muunocoi
1420 1604 1523 1675 filium
1545 1605 1709 1700 qnondam
1733 1604 1839 1674 mauri
1858 1603 1898 1675 de
1916 1603 1989 1677 loco
2004 1607 2063 1703 qui
2079 1632 2140 1681 vo·
2220 1605 2225 1614 ’

728 1749 820 1812 catur
855 1734 1067 1830 pumilionum
1103 1755 1206 1804 masse
1240 1733 1387 1806 atellana.
1424 1733 1456 1803 A
1487 1733 1627 1826 presenti
1660 1732 1713 1804 die
1737 1731 1953 1826 promtissime
1975 1733 2138 1809 voluntate

727 1860 882 1956 promitto
904 1857 1141 1929 vobis'domino
1158 1855 1265 1952 sergio
1279 1855 1453 1930 venerabili
1469 1856 1622 1951 igumeno
1638 1857 1823 1928 monasterii
1845 1865 2029 1932 sanctorum
2043 1861 2141 1954 sergii

727 1999 761 2060 et
782 1983 893 2056 baschi
917 1986 975 2080 qui
998 2007 1083 2056 nunc
1106 1993 1319 2078 congregatus
1349 1991 1398 2054 est
1431 1984 1467 2053 iu
1493 1983 1690 2054 monasterio
1720 1991 1904 2058 sanctorum
1937 1985 2085 2058 theodori
2107 1996 2141 2060 et

726 2113 896 2187 sebastiani
931 2113 989 2210 qui
1023 2113 1201 2207 appelletur
1230 2111 1387 2207 cesupictn
1419 2110 1518 2186 situm
1541 2113 1576 2183 in
1611 2111 1780 2186 viridario.
1813 2119 1946 2206 propter
1978 2111 2139 2205 integrum

727 2239 864 2312 iundum
887 2249 1030 2310 vestrum
1053 2237 1261 2310 constitutum
1285 2236 1320 2308 in
1343 2239 1457 2310 eodem
1471 2236 1544 2307 looo
1559 2237 1773 2332 pumilionum
1789 2259 1855 2310 une
1879 2259 1954 2308 cum
1970 2237 2141 2309 duodecim

727 2367 828 2459 petias
851 2367 893 2438 de
915 2373 1015 2436 terras
1038 2388 1078 2436 ex
1103 2386 1143 2436 eo
1165 2363 1357 2457 pertinentes
1380 2375 1445 2432 tres
1467 2361 1547 2432 bero
1569 2362 1670 2454 petius
1693 2384 1774 2455 ques
1798 2372 1954 2434 vocentur
1977 2361 2012 2430 iu
2027 2383 2141 2456 campo

728 2495 768 2565 de
791 2513 887 2562 muro
911 2501 1025 2587 quartu
1047 2491 1132 2586 petia
1155 2511 1220 2584 que
1242 2497 1377 2559 vocatur
1400 2485 1435 2555 iu
1461 2485 1585 2556 orbete.
1611 2485 1724 2579 quintu
1747 2508 1812 2579 que
1836 2497 1970 2557 uocetur
1985 2487 2141 2559 cesenobn

728 2629 817 2692 sextu
841 2643 906 2714 que
923 2618 1105 2712 pppeilatur
1128 2616 1168 2687 ud
1191 2613 1271 2686 silve
1295 2616 1334 2686 de
1357 2634 1518 2706 eampum.
1543 2611 1677 2704 septimo
1702 2612 1878 2705 appelletur
1901 2615 1941 2685 ud
1964 2615 2082 2685 lamma
2100 2616 2141 2686 de

727 2747 844 2818 mione
869 2747 979 2816 octaba
1002 2749 1042 2817 od
1066 2742 1186 2813 badum
1209 2743 1249 2812 de
1271 2738 1385 2810 mione
1409 2746 1439 2806 et
1463 2747 1528 2806 tres
1551 2735 1757 2806 nominantur
1779 2735 1814 2804 in
1837 2735 2026 2806 biocianum.
2050 2739 2139 2810 dno-

728 2867 852 2938 deoimu
876 2891 941 2960 que
964 2877 1098 2937 vocetur
1119 2865 1153 2936 iu
1177 2886 1326 2957 campum
1349 2860 1462 2934 domni
1491 2882 1567 2928 cum
1589 2867 1623 2927 et
1652 2857 1746 2929 illum
1769 2859 1868 2930 sorbu
1900 2869 2052 2954 utresque
2075 2885 2138 2932 uun

727 3011 804 3059 cum
828 2989 973 3058 introitus
991 3010 1104 3058 earnm
1118 2986 1334 3080 omnibusque
1350 2985 1396 3056 eis
1411 2981 1651 3079 pertinentibus
1675 2982 1851 3077 quaemihi
1874 2983 2018 3079 meisque
2035 2985 2136 3056 here·

726 3115 821 3186 dibus
846 3113 976 3187 dedistis
999 3123 1032 3184 et
1054 3113 1264 3185 lavorendum
1287 3121 1320 3182 et
1342 3111 1561 3183 detinendum.
1586 3111 1622 3180 ln
1645 3132 1685 3182 eo
1709 3109 1795 3180 enim
1819 3119 1930 3183 tenore
1953 3122 1990 3182 ut
2015 3135 2080 3207 ego
2103 3123 2136 3184 et

724 3240 859 3314 heredes
875 3240 955 3312 meis
971 3247 1185 3311 memoratum
1199 3239 1336 3311 tuntum
1351 3259 1427 3309 cnm
1441 3230 1631 3310 memoratus
1648 3246 1712 3308 tres
1726 3246 1827 3308 terres
1853 3261 1917 3333 que
1931 3239 2137 3312 nominantur

724 3369 758 3438 in
784 3389 897 3460 cumpo
920 3367 959 3439 de
982 3389 1078 3437 muro
1102 3373 1134 3438 et
1156 3374 1332 3437 memorata
1361 3373 1447 3436 terra
1476 3387 1541 3458 que
1564 3373 1699 3437 vocetur
1722 3365 1757 3436 in
1779 3389 1896 3459 cumpu
1930 3367 2039 3438 domui
2062 3391 2138 3441 cum

724 3503 757 3565 at
780 3495 838 3566 illu
862 3495 992 3566 sorbum
1016 3495 1106 3566 omni
1130 3517 1238 3568 annuo
1261 3503 1337 3588 apto
1359 3503 1503 3588 tempore
1527 3493 1607 3564 bene
1624 3493 1791 3586 diiigenter
1807 3494 1951 3565 levorare
1967 3504 2000 3565 et
2016 3517 2135 3566 exero-

722 3619 790 3688 lere
823 3638 881 3687 seu
916 3617 957 3688 ad
992 3615 1161 3688 meliorem
1191 3617 1316 3687 cultum
1347 3616 1523 3710 perducere
1557 3617 1773 3709 promittimus
1804 3617 1838 3688 iu
1872 3617 2021 3688 omnibus
2055 3640 2132 3689 cum
2182 3637 2192 3656 ·

722 3743 821 3814 robes
845 3753 970 3815 nostros
993 3751 1025 3814 et
1048 3743 1245 3815 conciaturiu
1268 3765 1326 3815 seu
1349 3743 1514 3837 operarios
1536 3753 1569 3814 et
1591 3753 1683 3838 suptu
1706 3742 1759 3812 vel
1777 3744 1885 3814 omnio
1902 3767 2040 3838 expense
2055 3767 2136 3817 ceu-

722 3869 901 3939 cummines
934 3877 967 3936 et
997 3868 1078 3936 vites
1110 3876 1244 3961 quantus
1272 3865 1447 3936 sufficerint
1476 3865 1511 3938 in
1539 3875 1729 3937 memoratas
1752 3876 1892 3962 quatuor
1915 3880 2014 3939 terres
2038 3869 2129 3943 omni

723 4013 830 4062 annuo
854 3989 974 4060 ibidem
997 4011 1117 4079 ponere
1140 3999 1178 4082 ⁸et
1205 3989 1348 4082 plantare
1381 3989 1597 4082 promittimus
1630 3999 1662 4057 et
1692 3989 1733 4058 de
1763 3999 1871 4062 nostra
1894 4003 2049 4062 sementes
2074 4013 2127 4061 eus

721 4113 878 4186 seminare
911 4109 1021 4179 omnia
1052 4119 1085 4180 et
1112 4111 1155 4200 in,
1171 4111 1320 4182 omnibns
1344 4112 1504 4206 quidquid
1537 4110 1626 4180 omui
1650 4133 1757 4182 annuo
1781 4111 1826 4182 ibi
1848 4101 2013 4188 necessum
2036 4115 2133 4216 suerit

721 4249 754 4311 et
776 4236 952 4332 indiguerit
974 4257 1036 4329 ego
1060 4246 1092 4308 et
1114 4235 1248 4307 heredes
1280 4234 1361 4308 meis
1384 4234 1463 4306 illud
1486 4257 1640 4332 peregere
1663 4235 1846 4314 debeamru.
1882 4247 1914 4310 et
1943 4239 2132 4332 quodcum..

720 4386 784 4458 que
808 4363 843 4433 in
867 4370 1082 4460 memoratum
1104 4361 1242 4434 fundum
1264 4369 1297 4431 et
1320 4359 1355 4428 iu
1372 4367 1564 4432 memoratus
1581 4359 1752 4435 duodecim
1776 4370 1875 4435 terres
1891 4361 1972 4434 mihi
1989 4363 2132 4456 meisque

719 4485 892 4558 heredibus
917 4484 1004 4556 omni
1029 4507 1135 4556 annuo
1159 4485 1237 4560 deus
1261 4482 1385 4557 dederit
1407 4483 1441 4558 iu
1465 4481 1610 4577 quolibet
1636 4484 1810 4554 seminatus
1834 4493 1867 4556 et
1886 4484 1921 4554 in
1943 4485 2048 4578 ipsum
2071 4509 2131 4556 ar-

719 4607 832 4678 bustus
856 4605 971 4700 quiin
994 4597 1186 4679 memoratus
1208 4614 1348 4707 quatuor
1371 4615 1472 4678 terras
1500 4604 1672 4682 fecerimus
1694 4628 1790 4700 super
1818 4628 1877 4678 uos
1900 4607 1979 4679 illud
2005 4609 2133 4679 recolli-

719 4755 798 4826 gere
823 4741 855 4806 et
878 4731 996 4806 hebere
1012 4732 1183 4809 debeamus
1198 4731 1240 4809 hu
1256 4754 1342 4803 nuuc
1357 4741 1390 4802 et
1405 4733 1506 4804 donec
1522 4731 1568 4801 ibi
1583 4754 1649 4802 non
1662 4733 1832 4804 fecerimus
1855 4733 1968 4806 vinum
1984 4745 2127 4805 mustum

718 4861 877 4934 mundum
901 4881 996 4936 ornas
1021 4861 1131 4936 decem
1147 4869 1179 4933 et
1197 4860 1318 4937 nullam
1333 4871 1456 4956 partem
1471 4881 1530 4932 vos
1546 4870 1602 4930 eut
1628 4861 1762 4953 posteris
1778 4861 1892 4934 vestris
1907 4863 2000 4933 nobis
2014 4864 2130 4938 exinde
