4854 6528
910 634 1052 730 (ιη)

884 923 1085 994 CXXXVlll.
1230 987 1235 996 .

365 1173 457 1270 †ln
481 1175 613 1246 nomine
637 1175 762 1248 domini
785 1175 840 1248 dei
861 1177 1028 1248 salvatoris
1050 1177 1154 1250 nostri
1176 1177 1272 1249 lhesu
1295 1174 1415 1250 Christi
1436 1181 1692 1278 inperantodo.
1768 1221 1818 1268 qn,

271 1303 361 1376 mino
376 1313 488 1374 nostro
502 1301 618 1374 basilio
634 1325 753 1398 magno
770 1305 969 1398 Imperatore
983 1326 1069 1376 auno
1082 1305 1219 1377 decimo.
1236 1305 1292 1376 sed
1307 1312 1340 1376 et
1355 1309 1557 1380 oonstaufiuo
1572 1335 1691 1408 magno
1745 1333 1831 1397 970.

270 1429 466 1524 Imperatore
487 1428 587 1500 frater
610 1427 680 1499 eius
704 1449 789 1498 anuo
813 1426 962 1522 septimo.
985 1427 1047 1500 Die
1070 1426 1232 1500 trioesima
1255 1430 1373 1502 mensis
1387 1431 1496 1504 martii
1510 1433 1685 1512 indictione

269 1553 490 1629 tertiadecima
513 1551 657 1648 neapoli:
685 1552 819 1626 Certum
843 1559 891 1624 est
913 1575 968 1628 me
990 1552 1117 1626 leonem
1139 1551 1353 1646 presbiterum
1375 1563 1409 1626 et
1425 1558 1622 1634 monachum
1645 1564 1693 1637 fi-

269 1679 354 1754 liam
379 1680 543 1776 quondam
567 1680 655 1756 idem
677 1680 765 1756 leoni
788 1689 822 1754 et
846 1682 1013 1780 quondam
1036 1680 1129 1777 gelde
1149 1679 1310 1775 iugalium
1324 1703 1536 1777 personarum
1550 1711 1609 1782 per
1626 1692 1692 1764 ah-

271 1807 431 1880 solutione
456 1818 490 1880 et
513 1807 747 1904 sulseriprione
770 1809 896 1882 domini
926 1808 993 1881 mei
1027 1807 1152 1882 domiui
1178 1806 1311 1882 iohanni
1339 1809 1516 1884 venerabili
1545 1813 1692 1909 igumoni

271 1936 458 2010 monasterii
480 1947 664 2010 sauctorum
695 1937 795 2032 sergii
828 1947 862 2010 et
884 1936 996 2010 baschi
1021 1936 1080 2032 qui
1102 1957 1191 2007 nuno
1214 1944 1428 2033 congregatus
1449 1957 1485 2012 es
1509 1941 1545 2014 in
1566 1963 1691 2016 mona.-

271 2061 369 2132 sterio
404 2070 591 2134 sauctorum
626 2061 777 2134 theodori
804 2067 838 2136 et
867 2059 1036 2134 sebastiani
1065 2059 1125 2154 qui
1153 2060 1330 2154 appellatur
1353 2064 1510 2158 tasapieta
1532 2065 1632 2140 situm
1655 2069 1690 2140 iu

270 2186 450 2260 viridario:
489 2188 513 2256 Α
540 2186 681 2282 presenti
703 2189 757 2260 die
781 2181 998 2286 promtissima
1023 2186 1202 2259 volumtate
1225 2185 1320 2256 Dono
1342 2194 1376 2258 et
1398 2189 1490 2260 trado
1512 2189 1573 2262 tibi
1595 2201 1691 2285 petro

270 2311 339 2383 filio
374 2337 461 2386 meo.
495 2315 590 2386 lDest
625 2335 755 2385 omnem
790 2335 898 2386 meam
932 2312 1145 2392 hereditatem
1168 2309 1208 2383 de
1230 2311 1303 2382 loeo
1326 2311 1386 2408 qui
1407 2321 1545 2387 voratur
1566 2293 1688 2389 unum

269 2438 436 2510 territorio
459 2438 665 2534 eymitirense
689 2457 753 2508 una
776 2457 854 2508 eum
879 2436 1053 2509 erroribus
1076 2435 1249 2510 fructiferis
1272 2436 1324 2510 sel
1338 2436 1548 2514 infructiferis
1565 2449 1599 2512 et
1613 2461 1691 2514 eum

271 2563 398 2638 olibetis
422 2564 520 2640 simul
543 2586 620 2636 eom
643 2561 790 2634 introitas
805 2581 881 2633 suas
897 2561 1124 2657 omnibusque.
1141 2565 1187 2634 eis
1201 2564 1444 2658 pertinentibus.
1468 2575 1606 2671 exeepto
1621 2568 1689 2641 dua

269 2693 378 2766 modia
401 2715 466 2788 quo
490 2690 609 2765 exinde
632 2685 748 2766 offerui
777 2687 813 2760 in
835 2697 1016 2762 memorato
1039 2689 1235 2762 monasterio
1256 2714 1315 2786 per
1333 2691 1518 2766 firmissima
1540 2693 1688 2766 chartula

269 2813 457 2888 offertionis.
492 2815 543 2884 De
577 2835 644 2908 qua
674 2809 756 2884 nihil
780 2810 863 2887 mihi
886 2812 1003 2888 exinde
1027 2807 1159 2908 aliquod
1181 2813 1336 2890 remansit
1357 2825 1416 2891 aut
1436 2819 1604 2891 reservari
1626 2840 1689 2890 neo

269 2943 306 3012 in
329 2939 466 3014 alienum
489 2959 642 3034 personas
671 2935 826 3008 oommisi
857 2944 1059 3034 potestatem.
1093 2943 1126 3007 et
1159 2935 1201 3008 ba
1231 2960 1319 3010 nune
1343 2947 1377 3012 et
1400 2939 1551 3034 deiuoeps
1572 2942 1608 3012 in
1630 2949 1689 3014 tua

269 3065 410 3162 tuisque.
435 3064 578 3160 propriis
600 3062 772 3138 heredibus
786 3063 851 3134 sint
864 3070 1056 3158 potestatem
1078 3061 1238 3158 quidquid
1262 3063 1381 3137 exinde
1404 3065 1511 3137 racem
1536 3065 1688 3138 volueri-

269 3195 337 3269 tis:
363 3201 396 3268 et
419 3216 525 3290 neque
549 3217 568 3264 e
591 3216 645 3268 me
667 3198 849 3266 memorato
872 3189 1001 3266 leonem
1023 3189 1202 3285 presbitero
1223 3198 1258 3264 et
1273 3190 1435 3265 monacho
1449 3215 1558 3287 neque
1574 3217 1593 3264 a
1609 3192 1691 3266 meis

268 3316 443 3392 heredibus
477 3315 570 3388 nullo
600 3325 746 3412 temporo
780 3338 949 3412 nunquam
982 3323 1018 3385 tu
1050 3321 1248 3387 memoratus
1270 3324 1384 3408 petrus
1406 3313 1494 3388 filius
1514 3339 1609 3390 meus
1633 3327 1691 3392 aut

268 3443 408 3540 propriis
431 3441 496 3515 tuis
519 3441 694 3516 heredibus
716 3444 806 3538 quod
841 3441 923 3512 absit
952 3437 1097 3510 habeatis
1129 3436 1248 3510 exinde
1282 3437 1458 3534 aliquando
1480 3463 1691 3538 quaemque

268 3563 507 3662 requisitionem
531 3575 587 3642 aut
609 3563 755 3636 molestia
780 3586 839 3658 per
860 3561 988 3636 nullum
1011 3561 1146 3634 modum
1169 3581 1229 3634 neo
1256 3581 1316 3656 per
1337 3557 1515 3634 summissis
1536 3583 1690 3660 personas

266 3688 310 3761 ha
332 3712 418 3762 nune
433 3699 465 3762 ot
487 3688 696 3784 imperpetuis
711 3686 918 3782 temporibus.
935 3687 1156 3758 tantummodo
1170 3684 1233 3758 hoe
1247 3685 1406 3758 eonstituo
1421 3691 1459 3758 ut
1472 3685 1501 3760 si
1515 3692 1553 3758 tu
1567 3685 1691 3762 orieris

266 3813 336 3885 sine
358 3811 528 3906 proprium
550 3811 702 3883 heredem
725 3812 766 3882 de
791 3831 894 3882 uxore
918 3818 974 3880 tua
996 3819 1075 3882 tuno
1098 3810 1206 3882 omnia
1228 3833 1294 3908 quo
1317 3807 1464 3905 superius
1485 3809 1546 3882 tihi
1568 3811 1690 3886 donavi

266 3938 469 4014 rebertantur
503 3947 535 4010 et
568 3939 633 4010 siut
656 3937 817 4016 ¹offertum
848 3959 909 4034 pro
936 3961 1009 4010 mea
1040 3939 1224 4035 pariterque
1246 3946 1302 4012 tue
1325 3939 1430 4012 ruine
1451 3939 1488 4010 iu
1509 3949 1690 4012 memorato

266 4066 461 4140 monasterio
483 4074 667 4138 sauctorum
689 4061 838 4136 theodori
852 4071 886 4137 et
900 4063 1082 4138 sebastiani.
1106 4064 1222 4138 loom
1237 4064 1387 4138 omnibus
1402 4063 1538 4136 adfirmo
1553 4073 1591 4136 ut
1605 4066 1687 4162 qui·

268 4195 343 4268 mm
365 4191 468 4264 maria
490 4188 638 4286 genitrici
659 4195 715 4260 tue
738 4186 847 4260 omnia
870 4211 936 4284 quo
958 4187 1106 4282 superius
1130 4187 1189 4258 tihi
1204 4175 1326 4262 donavi
1341 4211 1407 4261 uus
1421 4195 1531 4261 tetum
1543 4189 1689 4284 ffugiare

268 4319 382 4396 doben
404 4320 471 4392 vite
493 4341 550 4394 sue
573 4317 601 4390 si
623 4337 690 4389 uon
712 4313 811 4390 fuerit
841 4315 950 4390 virum
980 4313 1099 4388 sociata
1131 4323 1165 4388 et
1186 4316 1215 4388 si
1237 4317 1350 4390 virum
1369 4316 1469 4400 bresit
1489 4339 1549 4411 per
1569 4319 1689 4414 quovis

266 4447 403 4522 modum
425 4443 543 4516 sociata
567 4439 650 4516 nibil
674 4441 806 4538 aliquod
837 4440 954 4515 exinde
986 4438 1098 4511 tollatz
1134 4438 1288 4524 Quieita
1311 4437 1394 4510 mihi
1416 4439 1627 4534 eomplaeui:
1652 4443 1689 4517 Si

267 4583 375 4646 autem
399 4593 460 4666 ego
483 4577 540 4640 aut
561 4567 695 4640 heredes
718 4565 799 4637 meis
821 4565 938 4658 quouis
960 4573 1104 4657 temporo
1127 4569 1239 4633 eontra
1252 4559 1336 4636 haue
1349 4561 1494 4636 chamula
1508 4565 1691 4644 domtiouis

267 4713 306 4778 ut
336 4721 433 4794 super
463 4698 582 4792 legitor
615 4695 727 4767 venire
759 4693 1025 4788 presumserimus
1057 4703 1090 4764 et
1111 4691 1147 4764 iu
1170 4691 1293 4788 aliquid
1315 4693 1427 4767 odensi
1451 4697 1608 4772 fuerimus
1630 4723 1689 4795 per

267 4827 385 4924 quovis
407 4822 541 4896 modum
565 4831 620 4890 aut
643 4817 820 4890 summissis
841 4815 994 4912 penoris.
1018 4825 1095 4888 tane
1118 4817 1342 4913 oompouimus
1364 4818 1423 4892 tibi
1445 4822 1581 4918 tuisque.
1604 4849 1688 4919 pro-

266 4949 346 5044 priis
368 4943 540 5020 heredibus
562 4941 615 5016 vel
631 4943 665 5015 in
682 4949 860 5014 memorato
882 4939 1077 5014 monasterio
1093 4941 1164 5014 auri
1178 4941 1297 5014 solidos
1312 4943 1441 5038 triginta
1455 4967 1514 5020 sex
1530 4945 1687 5042 bytbian-

367 5075 432 5147 Vol.
456 5073 503 5146 Π.
1292 5078 1336 5144 24
