4876 6532
633 1179 689 1228 an.
862 1146 953 1246 †ln
976 1149 1107 1244 nomine
1130 1145 1255 1219 domini
1278 1131 1330 1216 dei
1353 1139 1522 1214 salvatoris
1542 1135 1646 1210 nostri
1668 1133 1763 1208 lbesu
1785 1131 1907 1205 Christi
1930 1133 2111 1226 imperante
2126 1133 2191 1206 do-

619 1291 707 1354 961.
767 1277 858 1350 mino
880 1285 992 1347 nostru
1015 1294 1151 1344 romano
1174 1293 1293 1366 magno
1324 1269 1525 1360 Imperatore
1553 1283 1639 1333 anno
1671 1257 1904 1330 sextodecimo.
1930 1256 2050 1348 sedet
2075 1255 2189 1327 basilio

766 1427 887 1501 meque
909 1408 1104 1499 imperatore
1128 1404 1198 1472 eius
1223 1399 1291 1471 filio
1315 1418 1400 1464 anno
1424 1395 1544 1487 primo.
1576 1389 1639 1462 Die
1661 1389 1814 1462 vicesima
1838 1387 1951 1480 quinta
1974 1384 2093 1456 mensis
2118 1407 2188 1456 au·

768 1529 856 1624 gusti
879 1527 1055 1598 indictione
1077 1533 1194 1618 quarta
1217 1517 1356 1613 neapoli.
1379 1518 1513 1587 Certum
1537 1524 1585 1586 cst
1598 1540 1651 1588 me
1667 1539 1749 1586 unns
1772 1512 1930 1582 humilem
1946 1508 2101 1580 monacha
2118 1508 2186 1580 filia

771 1651 937 1747 quondam
960 1646 1084 1720 domini
1108 1645 1213 1716 niceta
1244 1655 1277 1716 et
1309 1644 1476 1740 quondam
1504 1641 1635 1712 domine
1659 1637 1883 1709 theodonande
1906 1632 2041 1704 honeste
2064 1633 2185 1704 femine

769 1775 931 1870 iugalium
960 1795 1174 1868 personarum
1206 1773 1236 1844 Δ
1266 1772 1408 1868 presenti
1439 1771 1492 1844 die
1520 1767 1762 1864 promptissima
1784 1763 1950 1836 voluntate
1974 1784 2034 1856 pro
2058 1759 2184 1832 domini

772 1923 917 1976 smmore
941 1909 974 1974 et
996 1902 1229 1998 redemptionis
1252 1902 1359 1972 anime
1388 1923 1459 1972 mee
1488 1901 1591 1971 offero
1619 1906 1653 1968 et
1682 1896 1777 1968 trado
1804 1892 1900 1963 vobis
1923 1889 2059 1962 domino
2081 1887 2189 1982 sergio

767 2029 946 2105 venerabili
970 2031 1125 2125 igumeno
1149 2029 1336 2101 monasterii
1373 2037 1559 2098 sanctorum
1594 2025 1693 2119 sergii
1726 2031 1760 2094 et
1781 2019 1877 2091 bachi
1901 2018 1960 2116 qui
1991 2037 2078 2087 nune
2103 2037 2188 2086 con-

768 2165 921 2253 gregatus
945 2177 980 2228 es
1014 2158 1049 2228 in
1073 2155 1269 2230 monasterio
1300 2155 1470 2225 beatorum
1501 2151 1652 2224 tbeodori
1674 2159 1707 2221 et
1731 2146 1900 2220 sebastiani
1926 2143 1986 2242 qui
2014 2141 2190 2236 appelleon

770 2307 841 2355 casa
876 2285 962 2378 picta
994 2283 1092 2354 situm
1127 2283 1162 2353 in
1184 2282 1343 2354 viridario
1373 2292 1407 2354 et
1438 2305 1497 2374 per
1526 2301 1586 2351 ros
1618 2278 1654 2348 in
1677 2277 1792 2350 eodem
1819 2283 1930 2344 sancto
1961 2279 1994 2340 et
2016 2265 2193 2372 venerabili
2331 2275 2334 2282 ’

772 2417 881 2479 vestm
904 2405 1111 2476 monasterio.
1139 2407 1232 2475 lDest
1254 2404 1381 2496 integra
1403 2403 1553 2496 portione
1576 2409 1755 2472 memorate
1778 2400 1928 2492 genitrici
1951 2413 2024 2474 me'e
2047 2427 2090 2474 ex
2107 2405 2194 2476 inte·

773 2555 870 2626 grum
894 2531 1032 2603 casalem
1055 2531 1155 2602 situm
1178 2529 1213 2600 in
1235 2529 1310 2599 loeo
1333 2528 1391 2622 qni
1415 2535 1551 2598 vocetur
1584 2534 1703 2620 quarto
1738 2525 1893 2620 pittulum
1920 2527 2012 2621 qnod
2041 2537 2091 2598 est
2112 2528 2193 2598 foris

774 2657 920 2730 dubsum
943 2656 997 2729 vel
1020 2655 1219 2748 ubicumque
1242 2652 1322 2722 foris
1345 2650 1491 2722 liubeum
1512 2650 1633 2723 babere
1654 2649 1770 2721 videor
1785 2649 1916 2720 insimul
1929 2673 2006 2723 cum
2022 2650 2194 2724 arvoribus

773 2781 948 2854 fructiferis
971 2780 1025 2850 vel
1048 2776 1257 2848 infructiferis
1283 2785 1318 2846 et
1339 2797 1415 2844 cum
1438 2771 1586 2845 introitus
1609 2796 1723 2846 earum
1744 2772 1960 2868 omnibusque
1983 2775 2030 2846 eis
2053 2799 2196 2870 gencra-

773 2906 848 2977 liter
873 2904 1107 3000 pertinentibus
1141 2903 1199 2998 qui
1224 2902 1360 2972 indivisa
1393 2901 1512 2973 rciacet
1541 2923 1616 2970 cum
1640 2899 1840 2992 portionibus
1873 2901 2008 2972 heredes
2032 2905 2197 2998 quondam

778 3027 903 3100 domini
927 3026 1062 3096 iohanni
1087 3035 1121 3096 et
1145 3025 1277 3096 domine
1300 3026 1430 3118 megalo
1454 3025 1588 3096 honeste
1612 3021 1728 3093 femine
1753 3023 1914 3116 germanis
1937 3024 2015 3095 tbiis
2030 3026 2119 3096 meis.
2144 3027 2195 3102 us

774 3174 840 3246 qun
865 3150 948 3222 nibil
971 3149 1053 3220 mibi
1077 3151 1196 3224 exinde
1219 3152 1374 3222 remansit
1397 3160 1454 3220 aut
1478 3148 1641 3220 reservavi
1670 3171 1730 3220 neo
1754 3147 1789 3218 in
1812 3149 1915 3220 aliena
1938 3172 2075 3244 persona
2097 3173 2196 3222 oom-

774 3280 849 3350 misi
873 3287 1090 3372 potestatem:
1118 3288 1152 3350 et
1174 3279 1218 3348 ba
1242 3302 1328 3348 nuno
1351 3287 1384 3349 et
1407 3253 1616 3370 deinceps⁵in
1639 3284 1746 3348 vestra
1768 3277 1947 3372 vestrisque
1970 3280 2106 3372 posteris
2131 3280 2196 3352 sint

775 3413 933 3499 potestate
958 3424 1089 3496 queque
1104 3401 1232 3472 exinde
1256 3405 1363 3472 facere
1395 3401 1575 3472 volueritis.
1607 3409 1640 3471 et
1662 3423 1769 3494 neque
1792 3425 1811 3469 a
1833 3423 1887 3471 me
1910 3411 2088 3472 memorata
2112 3426 2196 3474 anna

778 3530 936 3601 monacha
960 3553 1068 3625 neque
1093 3553 1112 3600 a
1137 3529 1218 3600 meis
1241 3528 1416 3600 heredibus
1438 3528 1530 3598 nullo
1555 3537 1699 3621 tempore
1727 3549 1895 3622 nunquam
1918 3550 1978 3600 vos
2000 3541 2199 3602 memoratus

778 3661 933 3731 dominus
958 3657 1085 3752 sergius
1107 3657 1303 3730 venerabilis
1327 3657 1499 3751 igumenus
1532 3669 1588 3726 aut
1618 3655 1755 3752 posteris
1781 3653 1895 3726 vestris
1919 3677 1979 3726 nec
1993 3667 2199 3730 memoratus

780 3797 908 3863 sanctus
942 3795 975 3858 et
1009 3785 1204 3858 venerabilis
1238 3786 1351 3868 bester¹
1366 3788 1581 3856 monasterius
1604 3786 1694 3879 quod
1715 3783 1799 3854 absit
1820 3783 1964 3854 babeatis
1987 3784 2102 3856 exinde
2135 3785 2201 3856 ali·

780 3916 912 4008 quando
936 3935 1144 4008 quacumque
1168 3913 1415 4006 requisitionem
1439 3923 1495 3984 out
1518 3912 1665 3982 molestia
1690 3935 1747 4004 per
1770 3911 1897 3985 nullum
1918 3911 2052 3982 modum
2068 3935 2127 3985 nec
2143 3935 2202 4006 per

782 4039 961 4114 summissis
995 4036 1141 4130 personis
1174 4037 1217 4126 ha
1252 4061 1339 4107 nuno
1371 4049 1405 4110 et
1429 4040 1640 4131 imperpetuis
1675 4041 1886 4132 temporibus.
1920 4039 2007 4124 Quia
2041 4040 2086 4111 ita
2120 4039 2202 4110 mibi

783 4165 989 4260 complacui:
1025 4163 1059 4232 Si
1082 4162 1199 4260 [autem
1233 4188 1296 4256 ego
1327 4175 1383 4235 ant
1412 4165 1547 4236 heredes
1570 4166 1649 4236 meis
1674 4171 1792 4260 quovis
1816 4176 1961 4262 tempore
1985 4175 2098 4238 contra
2119 4165 2204 4236 bone

784 4279 967 4364 chartulam
992 4279 1171 4362 offertionis
1194 4301 1232 4362 nt
1249 4307 1351 4386 'snper
1374 4293 1496 4386 legitur
1527 4293 1653 4364 renire-
1672 4295 1963 4388 presumpserimns
1994 4317 2053 4388 per
2084 4292 2203 4388 quovis

788 4417 922 4488 ruodum
946 4423 1003 4484 aut
1026 4413 1203 4485 summissis
1228 4417 1384 4508 personis.
1412 4427 1490 4485 tunc
1514 4419 1737 4512 componimus
1753 4417 1847 4488 vobis
1863 4419 2065 4512 posterisque
2089 4417 2205 4490 vestris

787 4547 1032 4632 memoratoque
1062 4547 1173 4611 ssncto
1205 4551 1238 4608 et
1270 4539 1448 4612 venerabili
1480 4551 1588 4612 restro
1622 4541 1819 4611 monasterio
1850 4543 1920 4612 auri
1944 4539 2064 4612 solidos
2088 4541 2206 4634 viginti

787 4666 1015 4762 bythianteos:
1044 4678 1076 4738 et
1088 4667 1149 4740 bec
1166 4665 1310 4738 cbsrtula
1327 4667 1467 4761 qualiter
1485 4669 1627 4740 continet
1646 4669 1738 4738 firma
1754 4678 1939 4764 permaneat
1954 4669 2205 4764 imperpetuum.

791 4797 910 4891 scripta
933 4821 992 4890 per
1017 4819 1130 4868 manus
1153 4795 1301 4868 iohannis
1326 4797 1455 4866 curialis
1477 4821 1536 4890 per
1560 4796 1734 4869 indictione
1757 4805 1936 4868 memorata
1960 4806 2077 4892 quarta
2101 4791 2131 4890 †

885 4925 958 4996 ltoc
983 4924 1111 5018 signum
1134 4921 1165 5018 †
1189 4947 1302 4996 manus
1324 4933 1500 4994 memorate
1524 4947 1606 4996 anne
1629 4925 1786 4998 monacha
1809 4925 1898 5022 quod
1936 4926 2072 5022 egoqui
2087 4947 2212 4996 menso·

792 5057 879 5120 ratos
903 5047 943 5117 eb
967 5073 1004 5122 ea
1029 5048 1154 5142 rogitus
1179 5069 1240 5142 pro
1265 5071 1303 5119 ea
1327 5045 1499 5141 subscripsi
1522 5043 1552 5143 †
