4854 6528
1405 656 1551 749 (aar)

766 837 895 886 omnem
913 835 1018 884 meam
1035 810 1245 884 hereditatem
1260 835 1302 882 cx
1316 811 1387 906 ipso
1409 813 1482 884 loco
1505 834 1628 886 smsum
1651 813 1866 909 omnibusque
1882 816 1929 886 eis
1952 817 2189 910 pertinentibus

772 941 974 1012 rebertantur
998 948 1031 1010 et
1054 937 1119 1009 sint
1142 937 1293 1008 offertum
1316 962 1377 1033 pro
1400 963 1473 1010 mea
1495 941 1682 1036 pariterque
1705 940 1804 1036 ipsios
1828 939 1933 1012 anime
1955 939 2187 1020 inmemorato

770 1077 881 1139 saneto
896 1075 929 1138 et
945 1063 1120 1138 venerabili
1137 1076 1245 1136 restro
1261 1065 1466 1136 monasterio.
1483 1075 1592 1160 preter
1608 1066 1635 1136 si
1651 1075 1727 1138 tunc
1743 1065 1864 1138 vixerit
1883 1079 2062 1172 memorata
2085 1075 2188 1146 maria

767 1197 921 1270 serbienti
944 1219 1035 1267 meac
1058 1194 1179 1286 frugiet
1210 1193 1292 1266 illud
1313 1196 1383 1288 ipsa
1407 1195 1473 1264 vite
1496 1216 1554 1266 sua
1576 1205 1649 1288 post
1672 1195 1742 1267 eius
1765 1193 1894 1268 oritum
1922 1196 2128 1275 rabertantur
2151 1203 2185 1276 iu

771 1325 887 1396 «dem
910 1328 1021 1394 sancto
1045 1325 1078 1390 et
1102 1317 1279 1390 venerabili
1310 1325 1420 1386 vestro
1451 1321 1648 1387 monasterio
1678 1330 1716 1388 ut
1745 1342 1842 1414 super
1872 1320 2005 1416 legitur.
2030 1325 2187 1419 Quirite

769 1451 852 1524 mibi
875 1415 1077 1542 complacui:
1115 1445 1150 1514 Si
1182 1451 1291 1513 numm
1322 1464 1385 1534 ego
1414 1449 1471 1514 aut
1498 1441 1633 1516 heredes
1656 1443 1736 1518 meis
1760 1447 1878 1544 quovis
1902 1457 2045 1546 tempore
2068 1466 2181 1530 coena

765 1576 848 1648 banc
871 1569 1051 1642 chartulam
1074 1563 1252 1636 offertionis
1276 1573 1313 1636 ut
1335 1587 1433 1660 super
1455 1565 1577 1662 legitur
1599 1569 1712 1642 venire
1734 1573 2002 1667 presumseriruos
2017 1579 2099 1652 etin
2116 1581 2184 1654 ali.

766 1702 846 1797 quid
868 1697 983 1768 offensi
1006 1691 1168 1764 sumimus
1191 1717 1250 1789 per
1266 1696 1384 1789 quovis
1399 1697 1534 1771 modum
1550 1707 1608 1771 aut
1623 1700 1803 1774 summissis
1818 1723 1980 1796 personas.
1995 1713 2072 1776 tunc
2086 1729 2185 1782 com-
2296 1727 2298 1732 ’

764 1827 915 1922 ponimus
940 1821 1031 1893 robis
1053 1825 1255 1916 posterisque
1279 1824 1394 1896 vestris
1417 1838 1663 1924 memoratoque
1686 1837 1797 1902 sancto
1820 1837 1854 1900 et
1876 1833 2051 1905 venerabili
2073 1845 2180 1908 vestro

764 1949 957 2024 monasterio
980 1945 1052 2016 anri
1075 1945 1194 2016 solidos
1218 1946 1350 2040 triginta
1382 1969 1441 2018 sex
1472 1949 1687 2046 bytbianteos
1720 1961 1755 2026 et
1786 1953 1848 2027 bec
1879 1954 2025 2029 chartula
2046 1960 2184 2054 qualiter

764 2076 906 2150 continet
919 2076 961 2146 sit
984 2074 1077 2146 firma
1100 2073 1353 2168 imperpetuum.
1378 2075 1498 2171 scripta
1521 2101 1581 2173 per
1595 2100 1710 2154 manus
1732 2080 1883 2156 iohannis
1905 2085 2036 2160 curialis
2050 2109 2109 2183 per
2124 2090 2181 2162 inq

765 2203 906 2276 dictione
929 2209 1107 2275 memorata
1131 2199 1225 2272 tertie
1249 2199 1425 2302 decima†

863 2333 935 2402 Hoc
959 2329 1088 2423 siguum
1111 2329 1143 2426 †
1165 2349 1279 2402 manus
1301 2329 1473 2402 memorati
1496 2329 1584 2404 leoni
1605 2332 1775 2428 presbiteri
1798 2335 1858 2431 qm'
1880 2359 1941 2432 pro
1965 2337 2075 2411 divina
2098 2337 2186 2410 hoc-

769 2461 948 2555 cupationia
970 2459 1069 2529 morti
1093 2479 1151 2529 suo
1173 2457 1308 2530 minime
1331 2457 1410 2528 huic
1433 2479 1567 2532 manum
1598 2479 1657 2528 sua
1686 2459 1801 2551 scripsi
1827 2463 1917 2555 quod
1939 2483 2002 2555 ego
2024 2463 2084 2558 qui
2107 2484 2188 2536 me-

770 2597 913 2666 moratos
934 2609 997 2684 pro
1020 2608 1096 2660 cum
1119 2586 1291 2680 subscripsi
1305 2584 1336 2679 †
1351 2593 1385 2657 et
1406 2585 1471 2658 boc
1490 2593 1688 2660 memoratus
1705 2607 1780 2658 sum
1794 2595 1833 2659 ut
1845 2587 1874 2658 si
1889 2597 2068 2664 memorata
2083 2592 2188 2664 marie

771 2743 829 2814 per
851 2718 968 2814 quovis
990 2717 1126 2789 modum
1148 2717 1259 2788 airum
1281 2715 1379 2787 buerit
1401 2715 1521 2786 sociata
1552 2713 1636 2786 nihil
1667 2716 1791 2810 [rugiet
1812 2715 1944 2812 aliquod
1967 2741 2010 2790 ex
2033 2718 2103 2812 ipsa
2125 2741 2185 2792 re-

768 2845 857 2938 liqua
886 2842 1062 2916 hereditate

862 2970 935 3040 Hoc
957 2971 1085 3064 signum
1109 2971 1140 3067 †
1163 2991 1278 3043 manos
1301 2979 1480 3042 memorate
1503 2968 1605 3040 marie
1628 2968 1718 3064 quod
1741 2991 1804 3072 ego
1826 2968 1885 3064 qui
1907 2975 2103 3040 memoratos
2126 2989 2185 3062 pro

769 3124 808 3172 ea
831 3097 1002 3192 subscripsi
1025 3096 1057 3191 †

864 3231 897 3327 †
918 3253 981 3324 ego
1004 3225 1128 3322 sergius
1152 3225 1236 3298 fitius
1259 3227 1383 3298 domiui
1405 3227 1474 3298 ursi
1497 3233 1629 3321 rogatus
1653 3250 1672 3297 a
1694 3227 1924 3321 suprascriptas
1939 3249 2089 3321 personas
2113 3229 2186 3300 testi

769 3356 996 3453 ’ΜΝ

861 3485 893 3580 †
915 3490 1004 3556 uro
1026 3486 1299 3554 reuromonc
1322 3485 1498 3548 omroac
1530 3483 1605 3546 mu
1629 3452 1695 3548 Ka·
1713 3483 1914 3548 rruroru
1936 3447 2032 3548 li‘on
2054 3484 2186 3550 eors-

767 3621 878 3685 sorc
901 3618 930 3681 a
955 3583 1083 3676 offic
1105 3609 1335 3674 usncostc
1358 3607 1485 3672 TEcTt
1507 3573 1618 3672 oos'b
1641 3593 1673 3691 †

864 3731 896 3827 †
920 3731 992 3824 Ego
1009 3735 1119 3822 petrus
1134 3723 1270 3796 Curialis
1287 3729 1419 3817 rogatus
1434 3747 1453 3792 a
1469 3731 1663 3795 memoratas
1679 3743 1828 3816 personas
1845 3721 1918 3794 testi
1931 3720 2147 3817 subscripsi†

863 3851 895 3945 †
919 3855 988 3946 Ego
1011 3849 1166 3924 iohannes
1190 3847 1327 3921 Curialis
1350 3846 1518 3952 complevi
1541 3853 1574 3924 ct
1597 3845 1719 3918 absolvi
1743 3869 1801 3950 per
1820 3846 1992 3928 indictione
2009 3853 2186 3928 memorate

771 3973 988 4051 tertiadecima
1011 3975 1043 4072 †
