4854 6528
627 1266 684 1313 nn.

613 1377 701 1442 970.

1394 669 1538 773 (abs)

1403 975 1527 1046 cml.

850 1197 882 1294 †
906 1199 942 1270 ln
964 1195 1098 1268 nomine
1122 1191 1246 1266 domini
1270 1190 1322 1263 dei
1345 1189 1512 1262 salvatoris
1536 1191 1639 1262 nostri
1661 1188 1758 1262 lbesu
1780 1186 1900 1260 Christi
1918 1186 2096 1284 imperante
2116 1189 2182 1266 do·

758 1331 849 1403 mino
874 1336 985 1400 nostro
1006 1323 1121 1394 basilio
1143 1343 1263 1412 magno
1288 1319 1483 1410 Imperatore
1507 1341 1592 1388 anno
1615 1317 1810 1387 undecimo:
1836 1317 1892 1387 sed
1915 1325 1948 1388 et
1971 1319 2180 1392 Consentim

758 1477 879 1549 magno
903 1454 1097 1544 imperatore
1121 1447 1220 1514 trater
1243 1442 1312 1511 eius
1336 1461 1420 1509 anuo
1438 1438 1592 1511 hoembo:
1610 1439 1663 1512 die
1677 1438 1782 1534 prima
1797 1439 1915 1512 mensis
1929 1441 2109 1513 nobembrii
2123 1448 2181 1516 in-

759 1582 898 1654 dictione
913 1568 1152 1668 quartadeeima
1166 1563 1302 1658 neopolis
1322 1563 1455 1637 Certum
1471 1574 1520 1638 est
1531 1589 1585 1638 me
1598 1565 1725 1639 leonem
1736 1566 1839 1638 filium
1853 1567 2017 1662 quondam
2032 1567 2178 1644 iohannis

767 1744 1202 1780 ..................
1211 1692 1373 1764 habitator
1396 1695 1432 1764 in
1455 1693 1528 1765 loco
1551 1693 1610 1792 qui
1633 1694 1819 1769 nominatur
1845 1695 2053 1770 brischanum
2076 1721 2179 1771 massa

768 1876 895 1900 ......
903 1825 933 1894 Α
953 1822 1090 1917 presenti
1114 1821 1167 1892 die
1191 1821 1405 1914 promtissima
1429 1823 1595 1896 voluntate
1618 1821 1813 1896 venumdedi
1836 1829 1868 1892 et
1890 1821 2006 1897 tradidi
2032 1824 2090 1896 tibi
2113 1827 2178 1898 do-

761 1955 850 2028 mino
874 1949 996 2022 cesario
1021 1948 1089 2020 lilio
1113 1949 1277 2044 quondam
1293 1948 1416 2020 domiui
1432 1949 1594 2044 gregorii:
1622 1951 1707 2024 ldest
1721 1951 1846 2045 integra
1862 1952 1968 2046 portio
1985 1953 2025 2026 de
2042 1955 2178 2026 fundum

759 2104 871 2156 meum
882 2080 988 2174 posito
1004 2077 1039 2147 iu
1055 2083 1233 2147 memorato
1247 2075 1319 2145 loco
1335 2074 1393 2170 qui
1406 2075 1593 2150 nominatur
1605 2075 1822 2150 brischanum:
1841 2099 1906 2149 una
1921 2101 1997 2152 cum
2013 2080 2178 2152 arvoribus

760 2217 793 2281 et
808 2208 973 2280 introitum
996 2223 1106 2276 suum:
1134 2209 1167 2270 et
1189 2199 1339 2271 omnibus
1362 2198 1424 2270 sivi
1448 2200 1694 2294 pertinentibus:
1714 2202 1772 2296 qui
1787 2203 1962 2276 etcoheret
1978 2201 2040 2277 sibi
2056 2202 2096 2274 ab
2112 2227 2178 2276 uno

762 2334 862 2402 latere
887 2357 905 2399 a
929 2337 1018 2424 parte
1041 2325 1197 2398 horieutis
1220 2325 1328 2418 portio
1351 2349 1395 2396 ex
1417 2324 1526 2420 ipsum
1548 2328 1685 2398 fundum
1707 2327 1766 2422 qui
1788 2327 1848 2400 tibi
1855 2381 1985 2400 ......
1996 2369 2009 2402 a
2024 2380 2172 2400 .......

762 2457 908 2550 sapatino
932 2452 1002 2522 thio
1024 2474 1098 2522 meo
1123 2451 1209 2522 unde
1244 2449 1285 2520 ad
1317 2473 1359 2522 uc
1382 2448 1560 2520 chartulam
1591 2449 1724 2520 minime
1747 2454 1905 2523 coneum't
1928 2461 1960 2524 et
1982 2454 2023 2526 de
2039 2454 2105 2525 alio
2127 2453 2182 2524 la-

759 2595 827 2656 tere
851 2609 869 2653 a
894 2588 984 2674 parte
1008 2578 1181 2650 occidentis
1204 2585 1252 2648 est
1274 2576 1381 2670 portio
1411 2601 1453 2650 ex
1486 2575 1592 2671 ipsum
1615 2577 1750 2669 fundum
1774 2578 1882 2671 portio
1905 2579 1988 2673 petri
2005 2577 2073 2652 lilio
2102 2581 2181 2652 lau-

760 2706 856 2782 rentii
881 2706 942 2776 thii
966 2705 1030 2778 mei
1054 2702 1112 2799 qui
1134 2723 1220 2773 nunc
1244 2701 1365 2774 detinet
1371 2752 1548 2775 ........
1555 2703 1680 2776 domiui
1703 2703 1854 2798 aligerniz
1873 2691 1907 2778 et
1929 2707 1969 2778 de
1993 2727 2061 2778 uno
2080 2709 2182 2802 capite

761 2864 780 2908 a
803 2846 894 2932 parte
917 2835 1094 2908 meridiano
1103 2877 1374 2906 ............
1382 2839 1416 2908 et
1439 2854 1482 2904 ex
1506 2827 1569 2902 ulio
1594 2830 1697 2926 eapite
1721 2855 1741 2901 a
1764 2839 1854 2923 pute
1878 2832 2120 2927 septemtrionis
2134 2843 2182 2907 est

761 2943 1348 3036 madum.............‘..mati
1371 2956 1413 3028 de
1436 2961 1617 3032 memorato
1639 2956 1712 3026 loco
1737 2957 1967 3032 humbertum:
1993 2961 2085 3036 Unde
2102 2961 2181 3034 nibil

762 3088 844 3160 mihi
868 3085 985 3157 exinde
1008 3083 1161 3155 remansit
1184 3091 1241 3154 aut
1263 3082 1426 3154 reservavi
1450 3105 1509 3155 neo
1523 3081 1559 3152 in
1574 3082 1677 3155 aliena
1700 3084 1856 3182 cuiusque
1877 3106 2010 3179 persono
2035 3085 2182 3160 commisi

763 3224 820 3288 ant
842 3215 909 3286 iam
942 3211 1111 3284 committo
1142 3219 1319 3305 potestate:
1357 3219 1390 3281 et
1422 3236 1441 3280 a
1468 3233 1555 3282 nune
1576 3220 1753 3284 memorata
1777 3211 1925 3306 portione
1948 3237 2022 3288 mea
2044 3217 2083 3288 de
2106 3237 2181 3287 me-

761 3350 924 3414 moratum
948 3339 1085 3410 fundum
1109 3338 1253 3431 positum
1284 3338 1319 3408 in
1341 3351 1511 3410 musterolo
1544 3338 1610 3411 loeo
1640 3361 1717 3411 cum
1748 3337 1917 3411 arvoribus
1949 3349 1982 3413 et
2012 3341 2180 3416 introitum

761 3489 857 3538 suum
880 3473 914 3536 et
929 3461 1077 3536 omuibus
1092 3460 1154 3534 sivi
1166 3461 1395 3556 pertinentibus
1410 3463 1452 3532 sit
1468 3461 1700 3535 venumdatum
1716 3471 1749 3535 et
1763 3465 1916 3537 traditum
1932 3465 1966 3538 in
1982 3475 2038 3538 tua
2053 3467 2182 3564 tuisque

761 3593 921 3664 heredibus
942 3593 985 3664 sit
1004 3603 1156 3683 potestate
1179 3587 1337 3684 quidquid
1359 3585 1476 3660 exinde
1499 3591 1604 3661 iacere
1627 3588 1794 3662 volueritis
1816 3613 1942 3688 semper
1958 3592 2092 3666 liberam
2115 3593 2184 3665 lra—

759 3719 860 3794 beatis
884 3725 1075 3814 potestatem
1099 3725 1132 3790 et
1154 3737 1261 3812 neque
1284 3739 1304 3784 a
1327 3736 1380 3788 me
1403 3723 1583 3788 memorato
1618 3717 1710 3791 leone
1733 3742 1881 3816 nequeo
1904 3721 1984 3794 mus
2011 3719 2182 3794 heredibus
2273 3703 2276 3708 ⁵

759 3870 818 3919 nec
841 3871 863 3921 o
886 3845 973 3916 uobis
994 3844 1134 3939 perseus
1158 3842 1324 3914 summissis
1351 3841 1443 3913 nullo
1468 3847 1613 3937 tempore
1640 3865 1818 3942 numquam
1846 3853 1883 3916 tu
1908 3855 2087 3920 memorato
2117 3847 2185 3920 do-

759 3974 849 4046 mino
871 3972 996 4044 cesario
1020 3971 1150 4046 berario
1173 3989 1203 4044 et
1227 3973 1289 4044 tuis
1312 3970 1473 4043 heredibus
1504 3993 1564 4066 per
1591 3971 1718 4044 nullum
1745 3974 1879 4046 modum
1909 3997 1969 4048 neo
1999 3997 2058 4072 per
2089 3997 2186 4047 sum-

759 4100 865 4174 missis
888 4098 1032 4194 personis
1057 4100 1092 4176 in
1116 4105 1308 4194 perpetuum
1331 4101 1457 4196 inerper
1480 4103 1513 4168 ot
1537 4119 1579 4168 av
1602 4098 1691 4170 omni
1715 4099 1847 4170 bomine
1871 4101 2024 4195 omnique
2046 4121 2183 4194 persona

759 4249 802 4298 ex
825 4223 976 4299 omnibus
998 4223 1144 4320 partibus
1152 4274 1376 4298 ..........
1382 4246 1445 4316 ego
1468 4229 1501 4296 et
1523 4223 1657 4296 heredes
1679 4223 1759 4294 meis
1783 4223 1843 4295 tibi
1859 4225 1987 4322 tuisque
2011 4225 2183 4298 herodibus

759 4359 935 4426 memorata
958 4353 1107 4448 portione
1130 4375 1202 4426 mea
1226 4353 1265 4422 dr
1288 4360 1456 4422 mensurato
1478 4347 1578 4440 prodo
1602 4369 1677 4422 cum
1691 4345 1840 4421 omuibus
1864 4347 1927 4420 sivi
1950 4349 2180 4446 pertinentibus

758 4480 793 4552 in
816 4480 967 4554 omnibus
991 4488 1147 4554 antestare
1171 4487 1204 4552 et
1228 4476 1393 4551 defensare
1417 4473 1608 4546 deveamus:
1634 4481 1766 4568 propter
1783 4473 1873 4570 quod
1889 4476 1996 4568 accepi
2013 4501 2033 4546 a
2051 4485 2084 4548 te
2099 4475 2179 4549 idest

759 4609 831 4679 auri
854 4611 916 4682 tari
939 4617 1060 4704 septem
1084 4609 1120 4682 in
1144 4614 1274 4682 omnem
1290 4603 1451 4678 decisione
1467 4625 1524 4677 seu
1540 4601 1766 4677 deliberatione
1782 4601 1866 4674 siout
1881 4603 1964 4676 inter
1977 4603 2069 4676 nobis
2084 4625 2182 4675 com·

758 4732 859 4804 venit.
887 4731 924 4804 Si
948 4739 1056 4806 autem
1079 4757 1141 4828 ego
1166 4743 1223 4809 aut
1245 4733 1379 4807 heredes
1401 4730 1482 4803 meis
1506 4727 1623 4826 quobis
1640 4736 1784 4826 tempore
1799 4737 1910 4802 contra
1927 4753 1986 4800 nnc
2001 4727 2182 4802 chartulam

757 4867 796 4929 ut
818 4879 914 4952 super
936 4855 1055 4950 legitur
1087 4859 1199 4930 venire
1230 4857 1497 4952 presumserimus
1521 4864 1553 4927 et
1575 4855 1610 4928 in
1634 4855 1756 4950 aliquid
1787 4857 1900 4928 offensi
1932 4855 2086 4931 fuerimus
2118 4875 2178 4950 por

758 4979 883 5054 nullum
906 4980 1041 5056 modum
1064 4989 1121 5054 aut
1143 4979 1319 5056 summissis
1341 4979 1485 5074 personis
1508 4987 1585 5051 tuno
1608 4978 1831 5074 componimus
1849 4979 1908 5051 tibi
1924 4979 2053 5076 tuisque
2077 4977 2177 5051 bere-
