4876 6532
794 891 800 904 ’
950 925 1016 996 cx.

361 1185 392 1281 †
415 1187 452 1257 In
475 1186 605 1259 nomine
629 1184 755 1258 domini
778 1183 830 1256 dei
853 1183 1021 1255 salvatoris
1046 1183 1147 1254 nostri
1164 1183 1257 1256 ihesu
1282 1183 1402 1258 Christi
1426 1189 1605 1282 imperante
1621 1194 1686 1266 do.
1764 1217 1815 1262 an,

270 1315 358 1387 mino
369 1325 492 1387 rnostro
516 1315 686 1410 nicipboro
709 1337 828 1407 magno
843 1315 1039 1406 Imperatore
1053 1335 1137 1384 anno
1163 1314 1315 1385 seeundo.
1342 1313 1404 1384 Die
1428 1325 1543 1410 quarta
1566 1324 1683 1390 mensis
1742 1329 1828 1391 965.

269 1440 367 1534 magii
390 1441 564 1512 indictione
588 1438 701 1510 octaba
724 1439 866 1532 neapoli.
891 1437 995 1508 Horta
1018 1445 1066 1508 est
1083 1437 1192 1533 itaque
1208 1438 1344 1508 intentio
1361 1439 1446 1510 inter
1462 1463 1514 1510 me
1530 1444 1687 1515 essarium

270 1567 374 1639 filium
397 1569 562 1662 quondam
585 1566 717 1639 iohanni
741 1567 799 1662 qui
822 1589 920 1661 supra
943 1587 1062 1638 nomen
1084 1565 1244 1640 farricelli.
1262 1573 1294 1636 et
1308 1587 1368 1639 vos
1381 1567 1531 1640 videlicet
1555 1571 1687 1642 domino

134 1713 147 1726 ⁴
268 1695 375 1787 sergio
397 1697 572 1768 venerabili
596 1698 750 1790 igumeno
773 1695 959 1769 monasterii
982 1705 1166 1769 sanctorum
1196 1694 1293 1789 sergii
1317 1705 1350 1770 et
1373 1696 1483 1766 baschi
1518 1698 1576 1792 qui
1599 1723 1686 1771 nuno

269 1829 484 1915 congregatus
506 1844 541 1893 es
564 1821 598 1892 in
621 1822 816 1893 monasterio
840 1829 1024 1892 sanctorum
1059 1821 1207 1892 theodori
1231 1829 1264 1892 et
1295 1819 1466 1892 sebastiani
1490 1822 1548 1916 qui
1572 1825 1688 1918 appel-

268 1943 355 2014 latur
377 1945 533 2038 casapieta
558 1945 656 2016 situm
679 1947 714 2016 in
732 1945 897 2018 viridario.
923 1947 973 2015 De
988 1947 1156 2040 questione
1170 1967 1269 2040 quam
1287 1947 1372 2040 apud
1389 1969 1447 2017 vos
1463 1949 1568 2018 iacere
1598 1949 1687 2019 visus

267 2095 350 2144 sum.
374 2082 507 2167 propter
530 2097 596 2145 una
619 2087 706 2148 terra
730 2099 795 2170 que
818 2085 954 2150 vocatur
977 2075 1166 2148 oioanellum
1188 2075 1291 2168 posita
1314 2099 1393 2148 vero
1416 2075 1451 2146 in
1474 2087 1591 2172 quarto
1607 2098 1684 2146 ma-

268 2197 347 2269 iore.
370 2197 507 2271 habente
530 2201 570 2271 de
595 2225 662 2271 uno
684 2201 783 2275 latere
806 2211 898 2296 parte
921 2203 1157 2296 septemtrionis
1180 2203 1358 2294 ugualdum
1374 2201 1454 2274 iuris
1478 2211 1585 2273 sancte
1599 2226 1684 2274 nea-

268 2323 410 2419 politano
434 2324 586 2396 ecelesiae
609 2335 642 2396 et
665 2350 707 2398 ex
730 2325 794 2396 alio
817 2325 916 2398 latere
938 2334 1029 2418 parte
1053 2325 1230 2398 meridiana
1252 2334 1337 2398 terra
1359 2349 1431 2398 mea
1456 2350 1521 2421 que
1552 2335 1687 2400 vocatur

268 2453 453 2525 catitianum
477 2453 572 2524 sicuti
596 2453 680 2523 inter
704 2475 738 2523 se
761 2453 833 2547 ripa
856 2454 987 2534 ,exfinat
1011 2455 1061 2524 De
1086 2478 1153 2526 uno
1177 2457 1280 2550 eapite
1303 2463 1394 2550 parte
1420 2454 1576 2526 horientis
1600 2466 1685 2526 terra

267 2593 373 2656 restra
396 2604 494 2680 qrram
519 2582 666 2654 offertum
688 2581 813 2653 habetis
838 2581 879 2652 ab
902 2581 951 2652 illi
973 2583 1198 2654 derectorium.
1223 2586 1273 2657 Do
1289 2585 1352 2656 aiio
1368 2563 1471 2679 capite
1487 2593 1575 2679 parte
1599 2583 1685 2654 hoo-

267 2711 401 2783 eidentis
433 2720 481 2782 est
511 2714 666 2783 fossatum
688 2713 819 2784 beteris.
849 2711 900 2782 Do
923 2701 988 2804 qua
1011 2733 1070 2782 vos
1095 2713 1221 2806 quesivi
1245 2715 1381 2786 dicendo
1404 2737 1478 2808 pars
1501 2737 1575 2785 mea
1603 2713 1681 2808 quia

265 2846 444 2908 memorata
467 2843 552 2908 terra
576 2861 640 2930 que
655 2845 790 2908 vocatur
813 2835 1002 2908 oioanelium
1017 2838 1156 2932 qualiter
1170 2847 1363 2910 memoratas
1385 2839 1585 2911 coherentias
1612 2839 1684 2908 oir-

267 2963 420 3034 oumdant
442 2986 514 3034 mea
534 2964 665 3058 propria
699 2971 747 3036 est
778 2972 811 3036 et
838 2962 906 3058 ipsa
931 2972 978 3034 est
993 2985 1091 3056 quam
1116 2963 1259 3034 continet
1276 2963 1421 3035 chartula
1438 2962 1686 3057 comparationis

267 3112 367 3184 quam
389 3087 483 3160 vobis
507 3112 593 3160 nuno
616 3088 742 3160 ostenxi
766 3089 847 3159 iacta
864 3114 882 3158 a
898 3089 1061 3184 quondam
1084 3089 1171 3183 pitru
1196 3088 1261 3161 iilia
1276 3090 1442 3184 quondam
1465 3088 1534 3182 lupi
1550 3089 1686 3160 vicedo-

266 3215 346 3286 mini
371 3215 553 3287 adnomen
577 3215 741 3310 quondam
773 3214 897 3285 domini
931 3213 1034 3284 boniti
1058 3214 1185 3284 comitis
1208 3213 1298 3285 barii
1331 3215 1424 3286 mei:
1461 3238 1536 3308 pars
1572 3223 1681 3285 autem

251 3353 371 3414 (vetra
394 3343 554 3418 asserebat
570 3352 607 3413 ut
621 3353 796 3415 memorata
813 3351 898 3415 terra
915 3366 979 3438 que
996 3351 1130 3412 vocatur
1146 3341 1335 3412 cicanellum
1352 3365 1451 3435 quam
1476 3365 1533 3432 per
1549 3364 1680 3412 memo-

266 3482 350 3542 ratas
372 3471 573 3544 coherentias
596 3471 812 3566 exegregastis
827 3495 892 3542 non
909 3493 976 3542 esse
999 3469 1067 3564 ipsa
1092 3492 1192 3564 quam
1215 3467 1357 3538 eontinet
1383 3475 1560 3538 memorata
1583 3467 1684 3539 cbar-

268 3597 336 3668 tula
358 3597 606 3692 comparationis
623 3620 722 3692 quarn
737 3595 830 3670 vobis
853 3595 1013 3668 hostenxi.
1036 3595 1074 3664 ln
1087 3595 1150 3666 hoe
1173 3593 1351 3664 iudicatum
1365 3602 1412 3663 est
1427 3592 1510 3666 inter
1534 3593 1626 3663 nobis
1651 3605 1684 3665 et

266 3723 391 3818 susoepi
415 3722 532 3794 exinde
556 3722 596 3792 ab
619 3745 686 3795 uno
709 3721 869 3793 monacho
894 3731 1002 3794 vestro
1025 3727 1260 3790 sacramentum
1295 3718 1434 3815 qualiter
1457 3717 1604 3812 superius
1628 3741 1686 3790 as-

267 3851 409 3924 seruistis
433 3861 466 3924 et
489 3852 621 3924 definivi
644 3852 760 3923 exinde
784 3851 953 3923 vobiscum
976 3852 1010 3922 in
1034 3851 1192 3921 omnibus.
1217 3860 1249 3924 et
1272 3874 1378 3944 neque
1394 3875 1413 3918 a
1430 3869 1482 3920 me
1505 3857 1687 3919 memorato

268 3979 521 4073 oesarioneque
545 3979 668 4050 amois
692 3977 865 4050 heredibus
899 3979 990 4050 nulio
1021 3989 1167 4072 tempore
1201 4002 1261 4074 pro
1293 3986 1472 4050 memorata
1504 3985 1590 4048 terra
1622 4002 1687 4074 que

267 4109 401 4171 vocatur
424 4097 614 4171 eioanellum
638 4097 777 4192 qualiter
800 4109 993 4170 memoratas
1017 4098 1216 4172 coherentias
1239 4098 1456 4192 exegregestis
1479 4099 1564 4170 unde
1600 4121 1686 4170 nuno

266 4223 434 4295 vobiscum
466 4223 770 4294 sacramentariiiter
803 4224 933 4297 definivi
965 4233 1003 4295 ut
1033 4247 1130 4320 super
1164 4224 1283 4318 legitur
1312 4224 1401 4319 quod
1424 4223 1507 4295 absit
1539 4223 1685 4296 habeatis

266 4376 325 4424 vos
348 4363 545 4426 memoratus
568 4353 718 4424 dominus
749 4339 874 4445 sergius
909 4353 1100 4425 venerabilis
1132 4353 1305 4446 igumenus
1330 4365 1386 4422 aut
1408 4351 1544 4446 posteris
1567 4352 1682 4425 vestris

265 4501 324 4550 neo
346 4487 544 4549 memoratus
568 4487 695 4551 sauctus
711 4485 744 4547 et
760 4477 953 4548 venerabilis
976 4478 1082 4550 bester
1099 4477 1311 4549 monasterius
1335 4501 1542 4574 quacumque
1565 4481 1687 4576 requi-

268 4607 417 4677 sitionem
442 4615 498 4678 aut
520 4607 667 4678 molestia
689 4629 748 4700 por
772 4607 899 4679 nulium
933 4609 1068 4680 modum
1104 4631 1163 4678 neo
1186 4590 1256 4702 perx
1268 4607 1447 4679 summissis
1470 4610 1616 4704 personis
1643 4609 1687 4680 ba

265 4753 351 4800 nuno
375 4739 407 4802 et
430 4730 640 4826 imperpetuis
662 4731 874 4826 temporibus.
906 4731 1040 4803 Etiamsi
1066 4731 1181 4826 quavis
1204 4757 1356 4828 personas
1379 4759 1437 4807 vos
1462 4746 1518 4809 aut
1549 4739 1686 4832 posteris

265 4855 379 4926 vestris
402 4855 518 4930 exinde
542 4857 695 4953 quesierit
710 4881 768 4953 per
782 4866 960 4929 memoratu
984 4856 1128 4928 chartula
1153 4861 1399 4954 comparationis
1415 4884 1515 4958 quam
1539 4863 1686 4956 superius

266 4983 358 5054 vobis
383 4983 532 5058 hostensi
556 4995 633 5056 tune
649 5009 710 5081 ego
726 4997 758 5059 et
775 4986 909 5060 heredes
924 4985 1004 5060 meis
1020 4987 1113 5060 vobis
1129 4991 1339 5086 posterisque.
1359 4991 1474 5062 vestris
1497 5013 1553 5063 eos
1570 4989 1687 5062 exinde

510 5115 576 5188 Vol.
603 5115 653 5188 11.
1311 5129 1352 5189 17
