4876 6532
900 617 912 710 t
940 619 1025 705 σε)

879 901 1021 971 Lxuxt.

340 1149 371 1246 †
394 1153 431 1222 ln
453 1151 585 1224 nomine
609 1149 733 1222 domini
756 1149 808 1224 dei
829 1154 997 1227 salvatoris
1019 1154 1121 1224 nostri
1141 1151 1237 1223 lbesu
1255 1148 1375 1222 Cbristi
1389 1151 1569 1242 imperante
1592 1153 1658 1222 do·
1734 1171 1782 1218 an.

248 1281 335 1350 mino
357 1288 468 1350 nostro
492 1279 699 1350 Constantino
722 1303 840 1374 magno
873 1283 1067 1376 Imperatore
1103 1303 1185 1352 oeno
1220 1279 1512 1374 quinquagesimo:
1544 1278 1598 1348 sed
1623 1293 1654 1350 et
1709 1283 1776 1345 958

247 1426 380 1474 romano
404 1427 523 1497 magno
547 1404 740 1496 imperatore
763 1407 832 1474 eius
854 1405 922 1476 filio
937 1427 1021 1474 anno
1027 1451 1156 1474 ......
1176 1401 1366 1474 diedecima
1382 1401 1501 1472 mensis
1518 1401 1654 1472 ianuarii

246 1529 418 1602 indictione
441 1533 578 1624 primm:
601 1533 746 1626 neapoli:
773 1533 905 1604 Certum
929 1544 976 1606 est
999 1557 1051 1604 me
1075 1532 1176 1602 maria
1198 1532 1264 1601 filia
1287 1529 1418 1624 quidem
1442 1527 1524 1620 petri
1550 1530 1657 1600 manci

246 1653 381 1724 deloco
405 1657 464 1748 qui
487 1656 671 1726 nominatur
696 1658 800 1726 miana
823 1680 888 1728 une
911 1679 986 1726 cum
1009 1677 1184 1726 maroneam
1207 1653 1344 1748 iaquinti
1367 1652 1432 1722 viri
1454 1654 1519 1722 mei
1542 1677 1599 1722 seu
1624 1664 1656 1725 et

241 1801 321 1851 eum
346 1804 537 1852 consensum
562 1795 593 1852 et
616 1784 779 1854 volontate
802 1809 895 1856 maru
919 1805 1069 1878 germana
1092 1807 1160 1855 raca
1174 1793 1207 1854 et
1222 1781 1290 1873 ipsa
1306 1801 1399 1852 maru
1414 1801 1566 1870 germana
1582 1803 1653 1850 mea

244 1925 320 1972 cum
355 1927 545 1975 consensum
580 1907 646 1976 ursi
671 1909 732 1978 viri
755 1909 806 1978 sui
829 1911 955 2002 cognati
992 1911 1115 1980 nostri:
1142 1921 1174 1980 et
1198 1907 1406 1992 abitatoribus
1430 1906 1464 1975 in
1491 1907 1655 1976 nominato

240 2027 316 2096 loco
339 2030 470 2099 miano:
497 2056 516 2098 a
539 2033 676 2122 presenti
692 2036 743 2105 die
759 2037 996 2128 promptissima
1013 2037 1177 2106 voluntate
1193 2035 1373 2106 venundedi
1389 2043 1421 2102 et
1436 2032 1551 2104 tradidi
1566 2032 1659 2104 vobis

244 2153 386 2244 aligerno
409 2159 578 2248 saponaria
602 2169 634 2228 et
656 2161 752 2230 droeu
776 2162 909 2253 iugales:
936 2162 1017 2232 idest
1040 2163 1163 2254 integre
1180 2163 1243 2232 due
1259 2161 1341 2254 parti
1357 2171 1463 2230 nostre
1480 2161 1519 2229 de
1535 2160 1658 2252 integra

242 2298 305 2346 una
329 2286 414 2348 terra
436 2279 495 2348 sita
519 2281 553 2350 in
576 2303 726 2373 campum
750 2285 808 2376 qui
832 2294 966 2354 vocatur
989 2289 1029 2354 de
1054 2285 1160 2354 miana
1183 2308 1247 2353 uno
1272 2307 1349 2353 cum
1373 2283 1539 2353 arboribus
1553 2293 1585 2352 et
1599 2283 1657 2352 in-

245 2401 375 2470 troitum
400 2423 495 2473 suum
519 2413 550 2473 et
574 2405 724 2474 omnibus
747 2406 810 2475 sivi
833 2405 1066 2496 pertinentibus
1082 2407 1168 2477 unde
1184 2404 1265 2473 nibil
1279 2405 1371 2474 nobis
1384 2404 1501 2476 exinde
1527 2405 1658 2499 aliquod

243 2527 390 2600 remansit
424 2541 479 2601 aut
513 2531 771 2600 reserbavimus:
814 2533 871 2623 qui
895 2543 927 2601 et
950 2530 1080 2602 coberct
1116 2532 1178 2601 sivi
1212 2541 1244 2600 at
1274 2531 1435 2602 nominate
1468 2533 1560 2602 ambe
1594 2532 1656 2602 duc

244 2653 324 2744 parti
347 2665 454 2726 nostre
479 2681 520 2725 ex
543 2658 612 2748 ipsa
635 2658 758 2749 integra
782 2667 867 2729 terra
884 2683 901 2726 a
918 2667 1007 2748 parte
1030 2657 1225 2728 hoccidentis
1250 2657 1312 2726 alia
1337 2681 1399 2727 una
1422 2658 1515 2730 tertia
1530 2681 1572 2726 ex
1588 2657 1657 2749 ipsa

244 2793 329 2854 terra
353 2782 442 2874 quod
467 2793 514 2852 est
537 2783 575 2852 de
599 2784 726 2852 tertiam
750 2797 839 2876 parte
864 2794 953 2876 parte
976 2807 1040 2854 una
1063 2784 1121 2877 qui
1152 2785 1258 2877 tetigit
1291 2785 1424 2854 iohanni
1454 2796 1486 2855 et
1504 2784 1656 2856 iudecaro

242 2905 402 2999 germanis
425 2904 541 2974 nostris
564 2906 652 2998 quod
676 2915 734 2987 est!
747 2907 835 2976 omni
858 2917 1002 2998 tempore
1016 2906 1051 2974 in
1066 2906 1193 2977 tertiam
1215 2913 1305 2998 parte
1322 2907 1362 2975 ad
1377 2908 1490 2999 equale
1506 2929 1654 2976 mensura

243 3041 274 3102 et
297 3055 316 3098 a
339 3040 428 3122 parte
452 3030 607 3102 horientis
631 3042 681 3102 est
703 3042 788 3104 terra
823 3033 1017 3102 monasterio
1047 3033 1191 3102 nicandri
1222 3039 1254 3102 et
1283 3032 1438 3102 marciani
1474 3032 1657 3124 puellarum

243 3156 293 3227 dei
318 3167 351 3228 et
374 3182 392 3225 a
416 3169 506 3250 parte
538 3157 712 3228 meridiana
737 3167 786 3228 est
807 3169 893 3228 terra
916 3158 1049 3230 heredes
1082 3157 1226 3250 gregorii
1260 3158 1554 3260 pappapulicinum.
1580 3166 1657 3227 eta

242 3289 331 3371 parte
355 3279 577 3371 septentrionis
602 3289 649 3350 est
672 3291 757 3352 terra
781 3280 915 3372 aligerui
938 3280 1006 3350 filio
1023 3282 1186 3373 quondam
1200 3280 1303 3348 boniti
1318 3282 1357 3348 de
1373 3280 1539 3349 nominato
1557 3281 1655 3348 loco:

245 3405 327 3473 unde
350 3401 432 3472 nibil
448 3402 539 3472 nobis
562 3427 604 3474 ex
626 3403 694 3498 ipse
719 3405 782 3474 due
806 3405 890 3494 parti
914 3412 1020 3474 nostre
1044 3426 1086 3474 ex
1108 3402 1177 3494 ipsa
1193 3402 1317 3492 integra
1333 3409 1419 3469 terra
1440 3399 1578 3492 qualiter
1593 3421 1654 3490 per

245 3523 421 3594 nominatas
444 3523 644 3594 coherentias
665 3525 758 3596 vobis
781 3549 818 3594 ea
842 3524 1075 3596 insinuavimus
1098 3525 1180 3594 sieut
1202 3521 1349 3615 superius
1371 3521 1488 3613 legitur
1520 3548 1539 3591 a
1563 3522 1657 3593 nobis

241 3645 333 3716 vobis
357 3645 401 3717 sit
425 3648 606 3718 venundata
632 3656 664 3717 ct
687 3649 802 3716 tradita
826 3648 860 3716 in
882 3657 989 3717 vestra
1023 3647 1201 3738 vmtrisque
1232 3643 1403 3714 heredibus
1427 3643 1468 3712 sit
1499 3653 1653 3737 potestate

243 3771 399 3867 quidquid
423 3772 540 3843 exinde
564 3773 669 3842 facere
691 3772 879 3842 volueritis:
906 3781 939 3843 et
961 3793 1067 3863 neque
1090 3795 1109 3840 a
1132 3769 1224 3840 nobis
1247 3793 1353 3863 neque
1377 3770 1527 3840 anostris
1550 3768 1653 3839 bera-

245 3899 338 3972 dibus
360 3921 421 3970 nec
437 3923 456 3968 a
471 3899 564 3970 nobis
580 3899 725 3992 personis
741 3897 918 3970 summissis
932 3898 1022 3968 nullo
1038 3907 1181 3990 tempore
1204 3919 1382 3990 numquam
1404 3919 1463 3966 ros
1487 3907 1541 3966 aut
1555 3896 1652 3968 bere·

244 4021 336 4093 dibus
359 4020 475 4093 vestris
497 4021 586 4114 quod
610 4019 692 4090 absit
715 4019 833 4088 abeatis
856 4021 971 4090 exinde
994 4042 1198 4113 quacumque
1214 4019 1422 4112 requisitione
1437 4029 1493 4088 aut
1509 4021 1654 4090 molestia

243 4173 261 4218 a
277 4169 364 4220 nunc
380 4146 459 4220 etin
471 4146 633 4239 perpetuis
650 4146 858 4238 temporibus:
875 4147 1005 4239 insuper
1018 4156 1051 4217 et
1066 4147 1105 4216 ab
1120 4147 1210 4216 omni
1225 4145 1334 4216 omine
1350 4147 1503 4239 omnique
1520 4170 1655 4240 persona

245 4273 334 4345 omni
356 4281 500 4366 tempore
523 4294 584 4364 ego
607 4281 640 4342 et
661 4271 832 4344 heredibus
853 4273 934 4343 meis
956 4272 1015 4342 tibi
1037 4272 1166 4366 tuisque
1189 4271 1363 4342 heredibus
1386 4271 1503 4342 exinde
1518 4272 1559 4364 gin
1583 4295 1658 4342 om·

243 4400 338 4472 nibus
361 4407 516 4472 antestare
539 4408 571 4468 et
594 4399 757 4470 defensare
781 4400 978 4472 debeamus:
1005 4410 1135 4492 propter
1171 4399 1261 4494 quod
1283 4399 1391 4490 accepi
1416 4423 1435 4468 a
1458 4399 1551 4470 vobis
1574 4401 1657 4472 idest

246 4529 316 4599 auri
339 4528 477 4600 solidum
500 4547 601 4596 unum
623 4526 848 4621 bymiaateum
871 4537 904 4596 et
926 4527 997 4596 auri
1021 4536 1097 4624 tare,
1111 4547 1213 4595 unum
1235 4524 1319 4594 sirnt
1340 4525 1424 4596 inter
1446 4525 1538 4596 nobi:
1561 4549 1654 4598 com-

244 4653 352 4726 benit.-
374 4652 403 4724 si
425 4661 532 4722 autem
555 4651 646 4722 aliter
661 4649 829 4720 fecerimus
844 4650 884 4717 de
902 4648 953 4718 bis
966 4649 1114 4718 omnibus
1129 4647 1300 4718 nominatis
1314 4671 1373 4741 per
1388 4652 1505 4743 quovis
1520 4655 1652 4726 modum

247 4789 301 4852 aut
322 4778 499 4850 summissis
530 4777 673 4872 personis
695 4785 771 4847 tunc
794 4777 1016 4868 componimus
1039 4797 1097 4844 nos
1120 4775 1307 4847 alberedae
1330 4777 1446 4848 nostris
1474 4780 1565 4849 vobis
1589 4806 1653 4854 ve-

246 4901 380 4998 strisque
401 4899 574 4976 heredibus
595 4899 666 4972 euri
689 4899 807 4972 solidos
824 4897 993 4970 duodecim
1016 4897 1215 4993 bytbianteos
1237 4909 1271 4972 et
1285 4899 1345 4972 bec
1367 4901 1510 4975 chartula
1534 4907 1652 4980 veum-
