4876 6532
1437 640 1519 739 (⁸⁶
1546 646 1562 734 )

1446 928 1532 1004 xer.

517 1271 519 1274 Ι
660 1209 714 1255 an.
875 1185 908 1282 †
931 1185 967 1261 ln
990 1187 1123 1260 nomine
1147 1187 1270 1260 domini
1293 1185 1344 1260 dei
1368 1185 1536 1258 salvatoris
1557 1184 1660 1256 nostri
1682 1183 1778 1256 lbesu
1802 1181 1921 1270 Christi
1937 1183 2117 1278 imperante
2140 1185 2205 1258 do·

638 1319 724 1383 96⁰.
782 1315 874 1391 mino
896 1325 1008 1391 nostro
1030 1315 1239 1388 Constantino
1255 1312 1486 1409 portircgenite
1522 1333 1642 1406 magno
1665 1311 1864 1407 Imperatore
1891 1333 1978 1384 anuo
2001 1311 2203 1408 quinquage-

780 1443 866 1516 simo
889 1445 1041 1518 secundo.
1066 1443 1122 1514 sed
1144 1449 1178 1512 et
1200 1460 1336 1510 romano
1359 1461 1479 1534 magno
1502 1439 1700 1532 imperatore
1722 1439 1793 1510 eius
1816 1438 1888 1511 lilio
1912 1460 1997 1510 anno
2024 1438 2204 1533 quintode

780 1570 877 1643 cimo.
900 1568 962 1639 Die
983 1567 1226 1638 vicesimesexta
1249 1561 1367 1634 mensis
1385 1563 1520 1658 -augusti
1542 1564 1716 1637 indictione
1739 1561 1834 1634 tertia
1855 1562 2009 1656 neapoli:
2033 1564 2138 1634 Horta
2154 1571 2203 1636 est

781 1697 892 1790 eaque
915 1688 1052 1762 intentio
1075 1689 1160 1761 inter·
1182 1711 1236 1762 me
1252 1687 1432 1784 aligernum
1449 1686 1553 1761 filium
1568 1689 1732 1784 qnondam
1755 1688 1878 1760 domini
1897 1685 2074 1759 athalarici.
2090 1695 2124 1760 et
2139 1709 2198 1759 vos

781 1818 929 1892 videlicet
951 1815 1085 1890 domiuo
1108 1817 1215 1911 sergio
1238 1816 1415 1890 venerabili
1438 1816 1594 1912 igumeno
1617 1815 1803 1888 monasterii
1831 1824 2015 1888 sanctomm
2038 1815 2137 1910 sergii
2166 1824 2199 1886 et

780 1947 875 2020 bachi
898 1945 956 2042 qui
979 1969 1065 2018 nunc
1086 1955 1298 2040 congregatus
1321 1966 1356 2016 es
1378 1945 1414 2016 in
1436 1943 1633 2017 monasterio
1656 1954 1840 2016 sanctorum
1875 1943 2024 2016 theodori
2048 1953 2080 2014 et
2103 1942 2198 2014 seba·

777 2073 873 2146 stiaui
896 2073 955 2168 qui
988 2071 1165 2166 appellatur
1197 2071 1355 2166 casapicte
1384 2070 1484 2142 situm
1516 2071 1551 2144 iu
1578 2069 1745 2144 viridario.
1780 2069 1830 2142 De
1859 2067 2070 2140 intentionem
2103 2091 2207 2163 quem

778 2201 862 2276 iuter
886 2199 979 2272 nobis
1001 2199 1174 2272 habuimus
1197 2197 1405 2294 proptervia
1428 2219 1528 2296 quem
1550 2197 1661 2294 queris
1683 2196 1802 2269 hahere
1825 2197 1866 2268 ed
1890 2195 2027 2268 casalem
2056 2208 2199 2266 emtrum

779 2333 839 2428 qui
861 2337 996 2402 vocatur
1018 2327 1172 2400 lauritum
1204 2327 1346 2422 positum
1370 2349 1450 2399 vero
1475 2305 1514 2396 in
1533 2325 1715 2420 putheolim
1737 2347 1797 2418 per
1820 2325 1946 2397 duabus
1977 2324 2133 2417 corrigias
2157 2324 2198 2395 de

779 2464 880 2530 terras
903 2477 991 2529 meas
1014 2463 1047 2528 et
1069 2465 1236 2550 perteue
1259 2455 1300 2528 de
1323 2453 1439 2526 ceteris
1462 2451 1650 2538 homiuibus
1672 2459 1706 2522 et
1727 2473 1787 2544 per
1814 2451 1892 2521 eaba
1916 2450 2036 2545 quibes
2068 2473 2201 2524 memo-

778 2589 848 2656 rata
871 2583 950 2655 caba
974 2583 1095 2656 detinet
1116 2581 1221 2676 capite
1243 2581 1278 2654 in
1301 2581 1438 2654 bendum
1471 2586 1617 2652 restrum
1641 2559 1674 2648 et
1695 2576 1761 2648 hab
1789 2597 1857 2648 uno
1883 2577 1984 2649 latere
2019 2588 2110 2672 parte
2133 2578 2200 2650 ho-

760 2701 891 2781 ¹rientis
913 2717 962 2784 est
983 2715 1070 2783 terra
1093 2731 1165 2780 mea
1188 2715 1222 2782 st
1244 2715 1330 2779 terra
1353 2713 1469 2778 vestra.
1492 2704 1532 2776 de
1556 2702 1621 2772 alio
1643 2703 1745 2776 latere
1767 2712 1858 2797 perte
1881 2704 2080 2776 hoccideutis
2107 2707 2200 2778 siml·

777 2833 851 2909 liter
873 2846 960 2910 terre
983 2859 1056 2908 mea
1079 2845 1112 2910 et
1135 2845 1222 2907 terra
1243 2841 1350 2905 vestra
1373 2839 1407 2905 et
1430 2838 1515 2903 terra
1543 2827 1731 2901 bominibus
1754 2831 1830 2902 inde
1854 2832 1961 2924 ipsum
1984 2834 2025 2906 de
2050 2834 2196 2928 putheo-

690 2995 697 3006 1
777 2961 848 3034 lim.
875 2987 974 3059 quem
996 2963 1076 3035 bero
1100 2967 1279 3042 memorata
1302 2957 1357 3030 via
1377 2967 1427 3032 est
1449 2958 1490 3030 ad
1513 2935 1667 3029 mensura
1687 2957 1729 3028 de
1752 2955 1921 3031 latitudine
1944 2960 1979 3030 iu
2002 2961 2091 3032 omni
2125 2961 2197 3033 loeo

778 3087 872 3182 pedes
896 3086 1014 3156 nobem
1038 3085 1078 3184 ad
1102 3103 1236 3154 manum
1258 3081 1354 3154 virile
1376 3093 1409 3154 et
1424 3105 1462 3153 ea
1477 3103 1536 3176 per
1552 3081 1704 3153 termines
1727 3082 1979 3176 exegregastisn
2003 3094 2108 3178 partes
2129 3085 2198 3158 ho-

775 3209 886 3283 rientis
909 3218 941 3280 et
964 3205 1170 3282 hoccidentis.
1194 3205 1313 3302 quibus
1335 3228 1377 3279 ex
1401 3205 1478 3300 ipsis
1501 3203 1647 3278 terminis
1671 3205 1796 3276 suntin
1811 3229 1877 3277 una
1900 3229 1942 3278 ex
1967 3207 2035 3302 ipse
2058 3211 2197 3305 corrigie

775 3357 866 3408 meae
889 3334 1034 3409 terminis
1055 3355 1125 3405 sex.
1148 3340 1181 3404 et
1204 3333 1239 3404 iu
1262 3333 1331 3428 ipsa
1351 3331 1413 3406 elia
1429 3331 1570 3427 corrigia
1586 3341 1749 3404 mereunt
1763 3335 1915 3406 termines
1939 3337 2032 3406 duos.
2059 3337 2109 3408 De
2128 3359 2194 3432 qrsa

774 3462 901 3538 dicebat
922 3485 997 3558 pars
1020 3469 1127 3534 vestra
1149 3467 1188 3534 ut
1213 3483 1311 3556 quem
1334 3483 1394 3534 sos
1418 3485 1484 3556 que
1503 3461 1755 3533 mtecessoribus
1770 3461 1886 3533 vestris
1908 3485 2007 3556 quem
2029 3462 2195 3536 autoribus

635 3579 639 3584 ¹
774 3591 888 3663 vestris
903 3591 942 3662 ed
958 3589 1139 3687 predictum
1152 3587 1291 3664 casalem
1306 3597 1452 3662 vestrum
1469 3589 1527 3685 qui
1540 3599 1677 3662 vocatur
1691 3589 1845 3660 leuritum
1861 3587 2052 3662 habuissetis
2067 3612 2192 3664 memo·

773 3727 844 3788 rata
860 3715 913 3789 via
927 3713 1066 3814 qruliter
1076 3737 1136 3810 per
1147 3693 1505 3788 memoratostermines
1521 3721 1553 3785 et
1564 3737 1622 3807 per
1634 3713 1703 3808 ipsa
1719 3735 1870 3784 mensura
1885 3713 2102 3806 exegregestis
2116 3736 2190 3787 ecoe

771 3863 831 3936 per
854 3841 1100 3938 quadragintam
1115 3863 1227 3913 anuos.
1249 3861 1323 3934 pars
1339 3847 1448 3911 autem
1464 3862 1570 3912 meam
1585 3835 1744 3910 asserebat
1757 3849 1795 3912 ut
1810 3839 1855 3908 ita
1870 3861 1936 3908 non
1959 3828 2054 3910 esset
2066 3846 2115 3910 set
2137 3859 2196 3932 per

773 3977 916 4038 vestrum
929 3963 1119 4040 habuissetis
1135 3965 1187 4040 via
1200 3965 1234 4036 in
1246 3967 1360 4039 eodem
1371 3965 1508 4037 casalem
1519 3977 1672 4040 vestrum.
1686 3975 1719 4038 et
1729 3967 1807 4038 dum
1820 3965 1960 4038 multum
1981 3965 2097 4038 exinde
2111 3965 2195 4036 inter

770 4113 830 4163 nos
848 4089 983 4161 intentio
998 4090 1178 4160 berteretur
1193 4090 1395 4183 perreximus
1409 4091 1456 4161 ibi
1470 4089 1579 4162 ambas
1596 4099 1791 4184 partescum
1805 4091 1980 4164 noviliores
2003 4091 2150 4164 homines
2162 4099 2194 4162 et

771 4211 1019 4289 monstravimus
1043 4211 1136 4288 vohis
1158 4211 1267 4285 locum
1291 4237 1349 4310 per
1372 4223 1516 4285 vestrum
1538 4215 1624 4286 unde
1647 4215 1694 4287 ibi
1717 4215 1878 4288 haberetis
1893 4217 1947 4288 vie
1963 4227 1997 4290 et
2021 4217 2098 4287 dum
2115 4215 2192 4310 ipsis

770 4335 945 4418 noviliores
969 4335 1118 4412 homiues
1140 4338 1292 4411 viderunt
1314 4337 1422 4432 ipsum
1443 4338 1553 4412 locum
1570 4341 1747 4434 pendulum
1771 4343 1923 4416 dixerunt
1938 4353 2054 4414 utnon
2070 4337 2190 4411 baleret
2216 4365 2221 4380 ¹·

769 4462 844 4538 inde
866 4484 960 4536 carro
984 4465 1154 4537 escendere
1178 4471 1234 4536 aut
1256 4465 1449 4538 descendere
1472 4473 1505 4537 et
1528 4466 1711 4538 tribuerunt
1742 4467 1836 4541 nobis
1864 4469 2022 4541 iudicium
2045 4475 2083 4540 ut
2107 4489 2191 4560 per·

767 4610 846 4662 sona
869 4591 910 4662 de
933 4613 1000 4666 uno
1023 4591 1183 4665 monacho
1205 4599 1314 4665 vestro
1337 4591 1419 4666 mihi
1443 4594 1578 4688 prebere
1607 4605 1842 4666 sacramentum
1871 4595 2010 4668 dieentm
2046 4593 2127 4666 mihi
2153 4603 2189 4666 ut

766 4739 866 4810 quem
889 4737 948 4790 vos
971 4741 1035 4815 que
1059 4718 1310 4793 antecessoribus
1340 4719 1455 4794 vestris
1478 4745 1577 4817 quern
1601 4721 1768 4794 autoribus
1792 4721 1907 4794 vestris
1929 4721 2118 4794 habuissetis
2143 4721 2183 4792 ad

767 4845 948 4936 predictum
970 4845 1105 4919 casalem
1129 4856 1273 4921 vestrum
1296 4849 1549 4922 memoratoria
1572 4849 1711 4945 qualiter
1734 4849 1881 4945 superius
1904 4873 1942 4922 ea
1967 4849 2187 4944 exegregastis

767 4995 825 5068 per
847 4973 933 5068 ipsos
947 4973 1098 5048 termines
1121 4983 1153 5048 et
1175 4997 1235 5072 per
1257 4975 1325 5072 ipsa
1348 5000 1497 5050 mensura
1520 5001 1579 5073 per
1601 4977 1845 5072 quadragintam
1868 4999 1969 5050 annos
1991 4999 2054 5072 ego
2070 4985 2179 5048 autem
