4954 6532
949 607 966 697 (
995 609 1075 696 17)

946 888 1057 960 cvm.

380 1153 471 1264 †1n
494 1150 626 1222 nemine
650 1145 774 1220 demini
797 1143 851 1217 dei
873 1142 1041 1216 salvatoris
1064 1142 1167 1214 nestri
1191 1141 1287 1216 lbesu
1310 1141 1430 1216 Christi
1454 1144 1716 1240 imperante‘do·
1782 1178 1834 1224 en.

292 1286 382 1360 minc
404 1291 518 1354 nosue
534 1277 745 1351 Cemtantino
768 1297 889 1369 magno
912 1275 1106 1368 imperatore
1131 1294 1215 1342 anno
1240 1272 1490 1368 quadragesimo
1514 1257 1634 1346 tertie:
1661 1282 1716 1352 sed
1767 1287 1852 1350 951.

293 1425 326 1485 et
348 1435 485 1484 romune
520 1431 640 1503 magne
670 1406 864 1500 imperatore
900 1404 971 1476 eius
994 1402 1062 1474 filio
1090 1425 1175 1474 anno
1198 1411 1320 1474 sexto:
1348 1402 1400 1474 die
1437 1403 1590 1477 vicesima
1626 1421 1715 1480 sexta

290 1543 410 1614 mensis
431 1537 531 1633 megii
554 1535 732 1610 indictione
755 1556 842 1604 nonu
864 1531 1017 1628 neapoli:
1043 1533 1138 1603 horte
1164 1540 1211 1604 est
1235 1533 1346 1626 itaque
1378 1529 1514 1603 intentio
1550 1532 1636 1606 inter
1659 1559 1712 1608 me

293 1668 467 1740 iohannem
490 1661 657 1734 ummilem
681 1658 989 1753 archipresbiterum
1011 1655 1168 1728 becclesie
1191 1656 1293 1726 sancti
1321 1657 1451 1730 andree.
1469 1667 1502 1727 et
1517 1664 1548 1728 te
1562 1657 1713 1730 videlicet

292 1794 381 1887 pitru
404 1793 539 1864 honesta
562 1788 682 1860 femina
704 1786 769 1858 filia
793 1786 926 1880 quidem
949 1784 1074 1856 domini
1098 1781 1240 1874 campuli
1264 1803 1340 1852 cum
1363 1803 1555 1854 consensum
1589 1785 1713 1855 domini

290 1917 441 2012 stephani
464 1915 528 1987 riri
550 1916 625 1985 tui:
651 1915 691 1984 de
713 1913 891 1988 intentione
913 1934 979 2011 qne
1003 1909 1088 1984 inter
1110 1935 1169 1981 nos
1188 1909 1337 1981 abuimus
1362 1911 1402 1982 de
1425 1909 1538 2002 regula
1562 1933 1627 2003 que
1651 1933 1712 2002 ego

291 2045 388 2144 quasi
412 2045 505 2116 vobis
529 2046 570 2116 de
594 2053 679 2116 terre
702 2043 743 2114 de
774 2050 919 2114 sunctum
949 2051 1077 2136 petrum
1101 2048 1134 2110 at
1162 2042 1333 2133 paternum
1360 2037 1448 2108 unde
1484 2035 1609 2108 dicebat
1642 2060 1716 2130 pars

290 2195 363 2246 mea
387 2172 465 2266 quia
486 2191 613 2262 semper
634 2167 790 2240 dedistitis
806 2189 1012 2262 quecumque
1028 2166 1195 2236 nominato
1210 2163 1338 2257 genitor
1354 2175 1429 2234 tuus
1444 2162 1536 2234 nobis
1551 2164 1715 2234 nominata

291 2300 429 2394 regula:
455 2307 488 2371 et
510 2319 585 2392 pars
609 2306 719 2366 autem
740 2305 796 2365 tua
820 2295 947 2367 dicebat
970 2293 1052 2364 absit
1075 2293 1152 2386 quia
1176 2311 1242 2361 non
1266 2299 1313 2359 est
1337 2289 1456 2360 benitas
1480 2292 1557 2384 quia
1575 2315 1635 2362 nec
1651 2315 1713 2385 ego
1747 2325 1753 2334 ·

290 2451 351 2498 nec
373 2423 555 2496 nominatus
578 2422 706 2514 genitor
728 2441 820 2489 meus
844 2421 885 2488 du
909 2427 1054 2509 tempore
1078 2414 1208 2510 quando
1232 2414 1305 2484 illos
1328 2414 1585 2484 venundedimus
1611 2426 1644 2484 at
1669 2415 1716 2484 il-

290 2557 359 2627 lum
381 2553 555 2626 bulcanum
578 2549 671 2621 vobis
694 2569 760 2619 non
784 2545 932 2617 dedimus
955 2542 1119 2615 nominata
1143 2543 1279 2636 regula:
1306 2543 1392 2614 unde
1416 2541 1550 2612 multam
1575 2543 1710 2614 alterce-

289 2681 413 2754 tioncm
435 2678 551 2750 exinde
574 2674 724 2746 abdimus
746 2671 924 2744 iudicatum
947 2679 995 2742 ast
1018 2667 1135 2742 exinde
1159 2669 1244 2738 inter
1267 2666 1360 2736 nobis
1383 2675 1421 2736 ut
1437 2665 1544 2737 iurare
1562 2691 1636 2760 pars
1661 2678 1716 2738 tua

290 2810 455 2882 nominate
478 2809 599 2901 pitrum
621 2803 704 2874 mibi
727 2811 759 2874 et
774 2801 890 2874 dicere
913 2799 992 2895 quia
1016 2799 1056 2868 da
1080 2807 1225 2889 tempore
1248 2795 1379 2890 quando
1405 2794 1493 2865 illam
1516 2795 1716 2865 venundedi·

291 2940 377 3012 stitis
392 2950 425 3008 at
441 2938 533 3008 illum
548 2935 720 3005 bulcanum
744 2954 804 3002 nec
814 2939 850 3004 tu
863 2952 923 3000 nec
938 2928 1120 2999 nominatus
1144 2925 1271 3018 genitor
1294 2932 1370 2995 tuns
1386 2947 1451 2993 non
1467 2923 1623 2994 dedistitis
1647 2903 1735 2992 ιιο-Ι

290 3069 342 3138 bis
365 3067 527 3139 nominata
550 3060 672 3154 regula.
698 3055 794 3128 nibisi
817 3077 919 3128 unum
944 3075 1063 3122 annum
1087 3073 1145 3144 per
1168 3049 1322 3120 fortiam:
1350 3055 1383 3116 et
1407 3069 1470 3139 ego
1499 3068 1635 3140 ponere
1658 3046 1716 3117 tibi

292 3197 407 3270 exinde
430 3192 625 3264 securitate:
652 3188 741 3284 quod
764 3193 797 3257 et
820 3186 940 3254 tactum
964 3190 1012 3254 est
1035 3193 1068 3250 et
1090 3179 1188 3250 becce
1210 3177 1245 3246 in
1269 3173 1409 3268 presenti
1444 3147 1552 3268 recepi
1577 3201 1597 3246 a
1622 3187 1714 3268 parte

291 3339 348 3398 tua
369 3325 533 3396 nominate
556 3321 679 3415 pirrum
701 3315 902 3388 nominatum
926 3316 1166 3405 sagramentum
1188 3305 1313 3377 dicente
1337 3303 1418 3374 mibi
1433 3317 1470 3373 ut
1485 3303 1634 3395 superius
1659 3316 1711 3374 at·

292 3451 436 3528 seruistis
459 3462 491 3524 et
514 3447 644 3522 definivi
668 3445 785 3518 exinde
801 3453 908 3514 tecum
924 3447 1046 3511 etcum
1063 3433 1197 3503 heredes
1214 3439 1287 3500 tues
1304 3428 1338 3498 in
1354 3427 1526 3498 omnibus:
1544 3436 1576 3498 et
1595 3428 1713 3497 amodo

293 3593 325 3653 et
348 3603 473 3674 semper
494 3601 640 3670 numqua
663 3535 850 3666 presummn
873 3589 936 3658 ego
959 3572 1016 3635 uut
1038 3559 1173 3654 pesteris
1197 3556 1278 3627 meis
1300 3576 1360 3626 nec
1376 3550 1538 3620 nominata
1554 3549 1711 3622 hecclesia

290 3718 400 3781 nostra
423 3705 523 3776 sancti
547 3704 663 3774 andree
685 3721 745 3768 nec
760 3697 911 3765 abeamus
934 3688 1097 3760 licentiam
1114 3695 1146 3754 te
1163 3691 1218 3751 aut
1233 3678 1406 3751 heredibus
1424 3675 1488 3747 tuis
1505 3679 1543 3748 de
1562 3677 1713 3748 uomina·

287 3844 338 3904 tas
360 3829 489 3924 regulas
513 3825 631 3899 exinde
655 3845 714 3892 nec
738 3821 778 3890 de
801 3814 979 3888 nominatus
1002 3819 1103 3880 terras
1119 3827 1255 3900 querare
1270 3825 1330 3897 per
1344 3802 1475 3872 nullum
1498 3802 1633 3871 modum
1649 3823 1708 3872 nec

289 3987 347 4060 per
370 3957 496 4032 nullum
519 3973 676 4025 umanum
700 3945 870 4020 arbitrium
892 3965 952 4012 nec
974 3961 1033 4032 per
1047 3933 1225 4006 summissis
1237 3931 1382 4026 personis
1396 3931 1431 4000 in
1446 3930 1609 4024 perpetuis
1625 3939 1709 4000 tem-

291 4089 448 4186 poribusr
474 4085 551 4180 quia
576 4081 622 4152 sic
644 4078 729 4148 inter
751 4071 845 4144 nobis
867 4067 976 4141 stetit:
1003 4065 1031 4136 si
1055 4071 1164 4134 autem
1186 4083 1245 4131 uos
1269 4069 1325 4130 aut
1340 4057 1476 4152 posteris
1489 4057 1608 4128 nostris
1623 4077 1707 4126 cen-

290 4231 341 4290 tra
363 4237 401 4285 ac
426 4209 574 4284 cbartuia
597 4201 776 4280 securitatis
798 4205 836 4269 ut
858 4217 954 4289 super
969 4191 1089 4286 legitur
1100 4187 1213 4261 venire
1227 4182 1514 4280 presumpserimus
1530 4205 1589 4276 per
1607 4183 1711 4274 quod·

290 4349 342 4417 ris
364 4345 497 4416 modum
521 4345 576 4407 eut
599 4329 775 4406 summissis
799 4324 943 4418 personis
966 4330 1044 4390 tnnc
1067 4335 1228 4407 compono
1251 4331 1315 4402 ego
1338 4317 1371 4378 et
1393 4305 1529 4398 posteris
1546 4306 1629 4375 meis
1652 4305 1711 4375 tibi

290 4476 417 4570 tuisque
439 4465 612 4542 heredibus
636 4459 707 4532 auri
730 4450 851 4528 eolides
874 4447 1087 4544 quadraginta
1109 4443 1289 4538 bytianteos
1312 4443 1345 4505 et
1359 4433 1421 4504 bec
1444 4431 1588 4503 cbartula
1612 4456 1709 4507 secu-

290 4601 393 4674 ritatis
415 4607 453 4668 ut
475 4615 572 4687 super
594 4588 713 4682 legitur
737 4583 780 4653 sit
802 4581 956 4652 firmam:
982 4571 1101 4664 scripta
1123 4591 1182 4662 per
1206 4585 1338 4636 manum
1362 4561 1510 4634 iohannis
1543 4563 1712 4656 scriptoris

290 4728 448 4824 discipule
472 4717 597 4794 domini
621 4683 764 4813 gregorii
788 4705 903 4780 curiali
917 4712 950 4777 et
965 4699 1124 4773 scriniarii
1137 4719 1196 4792 per
1210 4691 1374 4766 nominata
1390 4715 1476 4764 nonu
1491 4688 1710 4784 indictienc†

383 4849 416 4946 †
447 4859 536 4922 nro
567 4826 620 4920 ie
643 4822 808 4918 serame
830 4822 1134 4921 emonensem

390 4975 457 5048 Vct.
484 4973 534 5044 ΙΙ.
1342 4958 1364 5018 3
