4854 6528
1379 631 1526 728 (ιιι)

743 803 823 865 ctus.
840 800 873 864 et
888 788 1062 864 venerabili
1076 795 1183 862 vestro
1199 785 1392 858 monasterio
1404 789 1492 882 quod
1505 788 1586 858 absit
1602 787 1744 860 babeatis
1759 787 1876 859 exinde
1890 788 2064 884 aliquando
2080 813 2167 885 qua·

744 943 884 1016 cumque
899 916 1108 1013 requisitione
1121 925 1177 987 eut
1188 914 1367 988 molestiam
1381 938 1497 986 anunc
1513 926 1546 988 et
1562 913 1771 1010 imperpetuis
1786 915 1998 1009 temporibus:
2018 917 2158 990 Verum·

746 1059 852 1116 tamen
877 1043 963 1116 stetit
985 1041 1069 1113 inter
1092 1039 1185 1112 nobis
1208 1051 1246 1112 ut
1268 1052 1445 1113 memorata
1468 1042 1592 1134 integra
1612 1052 1697 1113 terra
1713 1063 1813 1135 quam
1829 1041 1923 1112 vobis
1945 1044 2062 1115 offerui
2084 1065 2160 1116 cum

748 1169 899 1244 omnibus
922 1167 984 1237 sivi
1008 1165 1239 1258 pertinentibus
1262 1177 1300 1236 ut
1315 1187 1411 1259 super
1430 1165 1567 1257 legitur:
1593 1163 1736 1234 bamodo
1754 1173 1788 1236 et
1803 1165 1953 1238 omnibus
1969 1165 2082 1237 diebus
2096 1165 2163 1236 vite

742 1300 883 1396 ,quidam
905 1319 999 1370 maru
1023 1296 1139 1368 devota
1162 1295 1320 1367 monacha
1343 1294 1452 1388 nepoti
1475 1317 1547 1366 mea
1563 1294 1629 1365 tilia
1644 1295 1777 1390 quidem
1792 1295 1876 1389 petri
1893 1294 1952 1366 ulii
1968 1295 2035 1366 mei
2058 1294 2092 1366 in
2108 1316 2166 1365 sua

745 1427 786 1496 sit
808 1433 997 1520 potestatem
1020 1418 1148 1491 tenendi
1171 1429 1204 1490 et
1227 1417 1413 1489 dominandi
1438 1437 1495 1490 seu
1519 1417 1680 1511 bugiandi
1705 1419 1798 1510 etde
1823 1418 1889 1512 ipse
1906 1419 2013 1512 frugis
2027 1419 2166 1528 [amendi

745 1573 811 1644 que
835 1545 984 1618 uoluerit.
1017 1545 1058 1614 ad
1089 1540 1215 1612 obitum
1247 1539 1287 1612 de
1311 1553 1490 1614 memorata
1513 1563 1615 1616 maru·
1635 1543 1751 1616 devota
1775 1543 1934 1614 monacha
1957 1545 2067 1640 nepoti
2090 1567 2163 1616 mea

746 1679 922 1746 memorata
944 1668 1069 1760 integra
1093 1675 1178 1738 terra
1200 1687 1278 1738 cum
1300 1667 1451 1740 omnibus
1474 1667 1537 1740 sivi
1560 1667 1793 1764 pertinentibus
1816 1677 2020 1742 revertentm
2038 1669 2079 1742 ad
2095 1691 2165 1742 me·

748 1809 873 1874 morato
896 1805 989 1892 petro
1012 1795 1081 1868 tilio
1103 1818 1179 1868 meo
1201 1793 1342 1894 genitori
1365 1821 1425 1870 suo
1449 1805 1483 1870 et
1502 1798 1629 1870 adeius
1652 1796 1791 1893 propriis
1813 1796 1987 1870 heredibus
2003 1797 2044 1870 de
2060 1819 2164 1870 uxore

740 1944 825 1994 sus:
852 1921 889 1988 ln
912 1941 953 1990 eo
976 1927 1087 1990 tenore
1110 1929 1149 1992 ut
1170 1920 1199 1990 si
1221 1917 1400 1992 memorato
1423 1933 1516 2016 petro
1538 1921 1607 1996 fibo
1630 1943 1704 1994 meo
1716 1931 1865 1994 mortuus
1882 1921 1981 1994 fueris
2000 1921 2068 1992 sino
2083 1943 2164 2014 pro-

740 2046 848 2140 prium
873 2043 1006 2116 heredes
1029 2045 1070 2118 de
1100 2067 1203 2115 uxore
1226 2067 1285 2115 sua
1307 2043 1388 2114 bant
1410 2046 1438 2116 si
1464 2055 1537 2140 post
1559 2067 1656 2118 suum
1686 2044 1813 2117 obitum
1842 2044 1977 2116 heredes
2009 2043 2160 2137 proprios

745 2172 914 2266 reliqueris
938 2181 971 2242 et
992 2170 1070 2266 ipsis
1092 2171 1211 2243 iterum
1234 2171 1371 2244 mortuis
1394 2173 1495 2246 tueris
1516 2175 1586 2248 siue
1607 2174 1691 2246 intra
1706 2184 1824 2248 etatem
1838 2170 1891 2244 vel
1903 2170 1972 2243 sine
1994 2171 2164 2266 proprium

743 2298 877 2370 heredes
904 2301 943 2370 de
966 2297 1124 2372 uxoribus
1147 2309 1180 2370 et
1201 2299 1326 2372 viribus
1349 2321 1465 2372 eorum
1487 2309 1525 2372 ut
1547 2323 1613 2376 non
1629 2301 1736 2374 'tueris
1759 2299 1881 2395 aliquid
1906 2321 1949 2370 ex
1973 2297 2020 2370 eis
2043 2297 2096 2368 vel
2119 2297 2159 2368 do

746 2427 815 2496 eius
837 2425 976 2519 propriis
999 2425 1170 2500 heredibus
1192 2425 1277 2512 bane
1303 2437 1436 2522 nepotes
1467 2429 1537 2500 eius
1572 2430 1714 2524 propriis
1737 2429 1777 2500 da
1800 2425 1958 2498 uxoribus
1981 2434 2014 2498 ct
2037 2423 2162 2500 viribus

744 2571 858 2622 eorum
880 2559 1058 2620 memorata
1080 2550 1205 2644 integra
1228 2561 1315 2624 terra
1339 2575 1415 2626 cum
1428 2553 1578 2624 omnibus
1594 2553 1657 2624 sivi
1672 2550 1907 2646 pertinentibus
1923 2550 1960 2620 in
1973 2557 2081 2621 vestra
2097 2571 2164 2644 po·

745 2677 900 2770 sterisque
922 2676 1037 2750 venis
1060 2683 1093 2748 et
1115 2677 1151 2748 in
1173 2690 1354 2752 memorato
1376 2687 1486 2752 sancto
1508 2689 1616 2752 restro
1640 2679 1835 2750 monasterio
1856 2679 2020 2752 robertant
2043 2685 2076 2750 et
2098 2676 2163 2748 sint

743 2811 897 2900 potestate
919 2803 1079 2898 quidquid
1103 2806 1219 2879 exindo
1242 2809 1348 2880 facere
1372 2807 1514 2882 volueris
1548 2815 1586 2876 ut
1618 2805 1886 2902 supertegitur:
1918 2805 2055 2898 insuper
2077 2814 2111 2874 et
2132 2803 2160 2874 si

742 2929 784 3000 ad
806 2929 931 3002 obitum
947 2927 989 3002 de
1004 2943 1181 3004 memorata
1205 2957 1299 3004 maru
1324 2935 1441 3035 deuota
1465 2933 1623 3007 monacha
1646 2931 1757 3024 nepoti
1772 2953 1843 3004 mea
1868 2938 2048 3002 memorato
2064 2939 2156 3023 petro

747 3051 815 3124 filio
839 3073 912 3122 meo
936 3053 989 3124 vet
1010 3053 1080 3125 eius
1103 3055 1242 3150 propriis
1263 3055 1436 3129 heredibus
1458 3057 1597 3128 mortuis
1619 3058 1739 3130 fuerint
1753 3057 1822 3130 sine
1835 3057 2004 3152 proprium
2028 3055 2162 3129 heredes

748 3187 873 3251 utnon
897 3178 995 3252 fueris
1018 3179 1141 3276 aliquid
1164 3203 1206 3256 ex
1228 3182 1274 3254 eis
1296 3181 1350 3256 vel
1372 3183 1413 3254 de
1435 3182 1505 3254 eius
1529 3183 1668 3278 propriis
1690 3182 1863 3256 heredibus
1886 3184 1926 3256 de
1950 3181 2110 3254 uxoribus
2133 3189 2166 3254 et

749 3307 873 3380 viribm
896 3331 1010 3380 eorum
1033 3317 1071 3378 ut
1091 3331 1188 3406 super
1212 3310 1304 3382 dixis
1329 3333 1349 3380 a
1371 3318 1449 3382 tunc
1471 3319 1649 3384 memorata
1671 3309 1797 3404 integra
1819 3317 1905 3381 terra
1920 3331 1996 3381 cum
2011 3306 2161 3380 omnibus

750 3431 813 3502 sivi
835 3431 1066 3526 pertinentibus
1088 3431 1122 3502 in
1148 3442 1254 3506 vestra
1275 3433 1477 3528 posterisque
1500 3433 1643 3506 vestrisa
1668 3441 1702 3506 et
1723 3433 1759 3504 in
1782 3443 1963 3506 memorato
1997 3441 2106 3504 sanctu
2131 3441 2165 3506 et

750 3555 925 3630 venerabili
948 3567 1056 3632 vestro
1079 3559 1273 3630 monasterio
1297 3557 1500 3634 rebertantur
1522 3568 1556 3634 et
1578 3561 1642 3632 sint
1664 3567 1821 3655 potestate
1850 3560 2009 3657 quidquid
2042 3561 2160 3635 exinde

747 3686 850 3760 fecere
873 3687 1056 3762 volueritis:
1082 3688 1167 3774 Quia
1188 3689 1235 3762 ita
1257 3688 1340 3762 mibi
1361 3711 1447 3762 vona
1469 3689 1643 3764 voluntatis
1666 3690 1790 3786 placui:
1809 3691 1844 3763 si
1867 3699 1978 3764 autem
2002 3691 2094 3766 aliter
2109 3695 2167 3766 ts·

746 3833 823 3884 caro
846 3837 908 3908 ego
932 3823 965 3886 et
987 3813 1122 3888 heredes
1145 3815 1211 3889 mei
1233 3816 1274 3889 de
1297 3814 1326 3886 is
1348 3814 1500 3890 omnibus
1531 3815 1716 3889 memoratis
1740 3825 1778 3888 ut
1807 3837 1904 3910 super
1943 3817 2074 3910 legitur.
2109 3843 2167 3913 per

749 3938 895 4032 quoiivet
917 3941 1054 4014 modum
1080 3950 1137 4016 aut
1157 3943 1335 4017 summissis
1347 3945 1504 4036 personis:
1523 3951 1601 4016 tuno
1617 3943 1842 4038 componimus
1857 3943 1950 4016 vobis
1965 3945 2165 4040 posterisque

746 4063 860 4136 uestris
882 4065 972 4136 etin
994 4078 1173 4139 memorato
1196 4081 1306 4140 sancto
1329 4078 1362 4142 et
1383 4070 1559 4144 venerabili
1582 4080 1690 4143 vestro
1721 4071 1917 4144 monasterio
1947 4070 2021 4144 auri
2043 4071 2164 4144 solidos

747 4184 879 4279 triginta
902 4207 960 4260 sex
982 4187 1203 4284 bytbianteos:
1221 4201 1253 4263 et
1267 4191 1328 4264 boe
1343 4193 1489 4265 chartula
1503 4193 1680 4266 offertionis
1695 4201 1733 4267 ut
1748 4217 1846 4290 super
1861 4195 1981 4290 legitur
1996 4195 2038 4268 sit
2052 4197 2159 4270 firma:

746 4313 863 4408 scripta
878 4337 944 4412 per
965 4339 1080 4392 manus
1101 4319 1199 4416 sergii
1223 4322 1352 4396 curialis
1373 4322 1512 4394 scribere
1542 4327 1675 4417 rogatus
1703 4343 1762 4416 per
1784 4335 1963 4396 memorata
1997 4349 2082 4398 nona
2104 4325 2163 4396 in-

748 4439 890 4518 dictione
913 4440 946 4540 †

839 4573 902 4646 hoc
925 4567 1054 4669 signum
1077 4573 1108 4671 †
1131 4599 1245 4650 manus
1268 4584 1447 4651 memorato
1478 4579 1621 4650 macario
1652 4579 1813 4650 monacho
1841 4580 1899 4676 qui
1927 4604 1988 4676 pro
2011 4603 2160 4674 occupa·

747 4703 835 4778 tione
858 4703 971 4806 mortis
994 4703 1128 4778 minime
1151 4707 1214 4780 hoc
1238 4708 1376 4780 scribere
1400 4731 1466 4780 non
1490 4707 1655 4780 concurrit
1680 4709 1769 4804 quod
1791 4731 1853 4802 ego
1876 4711 1936 4806 qui
1959 4719 2156 4784 memoratos
2257 4729 2263 4749 ²

747 4828 789 4900 ab
811 4851 853 4902 eo
876 4838 1016 4934 rugatus>
1029 4853 1090 4924 pro
1114 4854 1155 4902 eu
1177 4831 1350 4926 subscripsi
1374 4831 1405 4928 †

840 4959 956 5055 †ego
980 4959 1258 5055 gregoriusfiiius
1281 4962 1403 5056 domini
1426 4961 1542 5034 marini
1566 4971 1697 5056 rogatus
1723 4987 1742 5034 a
1765 4963 1982 5060 suprascripto
2013 4963 2178 5036 macariou

741 5087 901 5160 monacho
923 5087 996 5162 testi
1020 5089 1191 5185 subscripsi
1217 5093 1247 5189 †
