4900 6528
645 1233 697 1281 an.
859 1203 951 1300 †1n
973 1203 1105 1279 nomine
1127 1203 1255 1279 domini
1276 1203 1330 1279 dei
1352 1199 1520 1274 salvatoris
1543 1198 1648 1270 nostri
1662 1198 1757 1270 horu
1780 1193 1901 1270 Christi
1922 1196 2101 1293 Imperante
2123 1209 2195 1281 do-

621 1345 707 1410 976.
765 1329 865 1404 mino·
879 1339 991 1405 nostro
1013 1326 1127 1402 hesdin
1150 1347 1270 1421 magno
1293 1324 1487 1414 imperatore
1511 1339 1597 1394 anno
1611 1316 1850 1394 sextodecimo:
1868 1323 1925 1396 sod
1939 1330 1974 1398 et
1990 1331 2193 1403 comtantino

766 1479 884 1555 magno
915 1455 1108 1549 imperatore
1131 1469 1217 1520 anno
1246 1444 1469 1520 tertiodecimo
1492 1445 1546 1520 die
1569 1446 1664 1519 tortia
1697 1445 1816 1520 mensis
1839 1450 1983 1545 augustii
2017 1453 2193 1530 indictione

764 1594 881 1684 quamn
902 1579 1084 1673 neapolimr
1109 1572 1323 1650 Definivimns
1345 1586 1405 1648 n‘os
1427 1576 1540 1648 maria.
1564 1583 1597 1648 et
1619 1577 1741 1674 sergio.
1759 1583 1792 1648 et
1814 1576 1942 1652 leonem
1966 1582 2100 1656 uterinis
2116 1607 2192 1680 ger·

668 1749 674 1764 ι
766 1712 869 1788 manis
891 1707 964 1781 tiliis
987 1704 1120 1801 quiden
1144 1704 1268 1778 domini
1298 1705 1446 1803 stephani
1477 1705 1699 1781 modiosoldi:
1735 1715 1844 1780 tecum
1875 1707 2017 1807 denique
2041 1715 2192 1808 gregorio

766 1833 1014 1930 filio-quondam
1028 1831 1153 1905 domini
1167 1832 1332 1927 stephani:
1350 1833 1392 1906 de
1409 1831 1652 1907 altercationem
1667 1855 1767 1931 quem
1781 1833 1866 1907 inter
1887 1837 1980 1910 nohis
2000 1837 2189 1915 habuimus:

766 1958 910 2034 Dicendo
932 1977 1006 2054 pars
1029 1961 1119 2029 tuam
1142 1954 1295 2030 adsersus
1318 1977 1388 2030 nos.
1411 1965 1450 2029 ut
1472 1967 1510 2034 tn
1533 1969 1567 2034 et
1590 1961 1776 2064 parentibus
1802 1961 1866 2035 tuis
1890 1963 1978 2035 riam
2001 1962 2191 2040 habuissetis

767 2085 809 2161 ad
831 2084 967 2158 casalem
989 2087 1134 2156 restrum
1157 2081 1197 2154 do
1219 2079 1394 2156 moletisns
1414 2103 1456 2155 oo
1478 2090 1528 2158 est
1552 2085 1592 2160 dn
1616 2084 1680 2161 hnc
1704 2089 1744 2164 da
1767 2071 1821 2163 v'ia
1847 2089 1995 2186 publica:
2020 2099 2054 2164 et
2076 2093 2190 2168 ahindo

766 2233 826 2308 per
849 2213 952 2307 capite
974 2209 1014 2284 de
1036 2207 1145 2280 rihum
1168 2208 1226 2305 qni
1249 2207 1370 2281 dicitnr
1392 2219 1599 2284 montennra:
1636 2239 1679 2288 ex
1706 2213 1774 2310 ipse
1807 2217 1911 2312 cupite
1936 2241 1979 2291 ex
2002 2217 2109 2313 ipsum
2137 2219 2190 2289 ri-

768 2341 849 2416 hnm
870 2337 930 2436 qni
952 2344 1000 2411 mt
1022 2361 1041 2407 a
1064 2345 1155 2432 parte
1177 2333 1378 2410 meridiana:
1405 2345 1439 2412 ot
1461 2338 1530 2434 ipse
1553 2339 1662 2414 rihnm
1686 2347 1735 2413 est
1758 2342 1949 2416 o'oninntnm
1971 2367 2047 2416 cum
2063 2367 2193 2418 memo·

768 2473 838 2540 rata
861 2463 915 2538 rie
938 2459 1090 2560 publicar
1116 2465 1149 2534 et
1171 2457 1211 2532 da
1235 2459 1340 2555 eapite
1362 2463 1404 2538 de
1427 2470 1643 2537 memoratum
1666 2461 1774 2536 rihum
1797 2466 1855 2560 qni
1878 2477 1928 2538 est
1951 2468 1992 2540 dn
2017 2479 2199 2540 memorata

768 2591 944 2667 meridiane
965 2595 1091 2684 partem
1113 2586 1279 2683 quomodo
1301 2587 1442 2662 aseendit
1464 2597 1497 2660 et
1519 2587 1608 2661 hedit
1631 2609 1689 2684 por
1711 2589 1839 2684 scapula
1862 2600 1896 2664 et
1911 2593 1953 2663 rh
1978 2593 2049 2687 ipsa
2064 2594 2195 2688 scapulo

769 2719 937 2818 quomodo
958 2716 1048 2791 hedit
1069 2737 1128 2812 por
1150 2711 1358 2792 cebnehella.
1381 2724 1415 2790 ot
1437 2715 1478 2788 nh
1502 2717 1571 2813 ipse
1594 2715 1795 2789 cahusohella
1828 2719 1996 2823 quomodo
2025 2719 2115 2794 hedit
2137 2723 2195 2794 di-

769 2860 896 2926 rectum
918 2869 977 2943 per
998 2856 1084 2920 terno
1106 2855 1248 2918 nostram
1271 2870 1337 2943 qne
1360 2865 1420 2918 nos
1452 2854 1672 2941 comparatam
1694 2844 1851 2919 heremus
1876 2847 1916 2920 da
1940 2847 2073 2920 donnino
2104 2859 2195 2946 petro

770 2979 880 3074 ipnto:
906 2984 941 3046 ot
964 2973 1078 3046 obinde
1101 2973 1268 3069 memorio
1289 2971 1380 3049 hedit
1402 2973 1489 3046 inter
1512 2971 1576 3046 fine
1599 2976 1750 3048 deterre
1774 2987 1830 3046 tua
1849 2974 1923 3068 qni.
1938 3028 1946 3046 .
1962 3025 1971 3043 .
1986 3026 1995 3044 .
2010 2986 2091 3049 ...et
2113 2977 2196 3050 inter

771 3116 859 3178 terra
881 3111 1060 3176 memorato
1082 3101 1222 3197 genitori
1245 3109 1377 3176 noro:
1403 3111 1437 3177 et
1459 3101 1576 3176 abinde
1601 3123 1726 3197 arsque:
1752 3101 1793 3174 ad
1817 3101 1924 3197 ipsum
1941 3103 2077 3174 cosdem
2101 3113 2194 3176 tnnm

773 3257 851 3307 cum
873 3232 964 3308 omni
986 3241 1042 3306 tue
1074 3229 1271 3306 utilitatem:
1296 3251 1372 3328 pers
1394 3240 1504 3304 autem
1530 3237 1674 3304 nostram
1709 3230 1876 3306 asserebad
1908 3233 2049 3306 dicentes
2071 3207 2197 3306 utnon

773 3372 857 3438 essct
879 3361 1018 3436 veritus:
1043 3367 1092 3436 set
1113 3369 1150 3430 tu
1173 3359 1263 3432 hiem
1286 3357 1451 3432 habuisset
1473 3355 1515 3430 ad
1537 3365 1755 3432 memoratum
1782 3360 1920 3433 casalem
1942 3369 2035 3432 tuum
2058 3381 2116 3454 per
2139 3361 2193 3434 rin

772 3491 833 3588 qui
854 3485 943 3562 benit
966 3489 1007 3562 dn
1029 3507 1147 3559 mare:
1177 3493 1211 3557 et
1233 3485 1315 3558 dnm
1337 3479 1478 3556 multum
1500 3479 1618 3562 exindo
1642 3481 1728 3555 inter
1750 3505 1810 3556 nos
1834 3483 2025 3558 intentiones
2056 3485 2198 3560 oriretur

772 3612 950 3687 iudicatum
973 3621 1022 3687 est
1044 3611 1129 3683 inter
1151 3607 1245 3682 nohis
1267 3615 1305 3680 ut
1327 3607 1357 3680 si
1378 3605 1523 3703 potueris
1545 3629 1620 3702 pons
1643 3615 1789 3680 nostram
1811 3608 1870 3680 tiri
1893 3608 2108 3682 ostensionem
2140 3611 2195 3682 ia-

773 3761 847 3830 cere
869 3739 1035 3836 quomodo
1058 3746 1094 3810 tn
1117 3758 1177 3830 per
1199 3733 1269 3828 ipsa
1290 3730 1345 3803 hia
1367 3731 1538 3806 handossct
1561 3733 1645 3806 intra
1667 3733 1915 3830 qnadnginon
1938 3733 2062 3808 hunnos
2084 3735 2196 3816 iusiu-

772 3865 911 3937 randum
942 3884 1019 3936 oum
1041 3860 1119 3956 ipsis
1151 3854 1286 3932 testibus
1307 3861 1347 3930 tu
1368 3854 1435 3930 ium
1458 3877 1517 3952 per
1538 3855 1608 3954 ipsa
1629 3855 1684 3932 hia
1708 3881 1774 3932 non
1800 3859 1959 3932 undaret:
1984 3869 2034 3932 set
2064 3859 2195 3936 enecet

772 3983 1391 4085 peripsnriaquihonitdomursr
1428 3983 1750 4062 Sinmtemiuraro
1778 3987 1967 4084 nohispars
1997 3997 2053 4061 tun
2084 3987 2198 4062 ardi-

774 4139 848 4190 cero
870 4115 948 4212 qnia
971 4135 1030 4208 per
1052 4113 1300 4210 qnadragintsm
1322 4133 1423 4187 annos
1446 4111 1628 4210 qdonquit
1649 4113 1834 4210 pmentihns
1858 4117 1922 4191 tuis
1944 4138 2004 4212 per
2021 4127 2197 4190 memorata

774 4245 829 4318 via
859 4244 919 4340 qui
941 4241 1030 4317 benit
1052 4243 1094 4316 da
1117 4250 1294 4316 memorato
1324 4241 1461 4334 rihsde
1484 4248 1681 4314 montenara.
1704 4252 1739 4314 et
1762 4244 1905 4318 ascendit
1928 4266 1986 4340 per
2018 4251 2196 4318 memorato

774 4369 903 4468 stapulo
925 4379 958 4444 et
980 4391 1038 4466 per
1060 4377 1239 4446 memorata
1260 4362 1462 4442 cehustholh
1485 4375 1519 4442 et
1541 4388 1600 4461 per
1622 4377 1835 4442 memoratam
1860 4382 1945 4444 terre
1968 4380 2111 4446 nostrum
2132 4393 2197 4468 que

775 4507 991 4597 comparatum
1013 4498 1171 4574 haremns
1178 4547 1307 4573 ......
1316 4495 1401 4570 inter
1424 4503 1601 4570 memorata
1624 4504 1711 4570 terra
1733 4505 1790 4574 tua
1813 4497 1872 4596 qd
1895 4507 1944 4572 est
1966 4499 2129 4574 clusoria:
2156 4509 2189 4572 et
2252 4527 2253 4532 ¹

774 4628 859 4698 inter
882 4634 1060 4700 memorata
1083 4634 1170 4700 terre
1191 4632 1372 4699 memorato
1396 4620 1536 4720 genitori
1559 4631 1670 4695 nostro
1693 4621 1769 4697 inde
1785 4623 1872 4696 mam
1886 4623 2052 4698 ahnissetis
2076 4643 2191 4721 nsque:

776 4750 818 4823 ad
839 4757 1055 4821 memoratum
1078 4749 1215 4824 casulem
1238 4761 1333 4822 tunm
1356 4771 1432 4820 cum
1455 4748 1546 4820 omni
1568 4755 1678 4822 nostro
1702 4745 1882 4821 utihtatem.
1898 4758 1931 4820 et
1953 4749 2032 4846 qnia
2054 4771 2122 4820 non
2137 4771 2192 4820 vr·

775 4875 837 4950 luit
858 4897 932 4970 pers
955 4882 1096 4946 nostram
1118 4875 1225 4946 taliter
1240 4875 1301 4948 tiri
1316 4875 1396 4947 illud
1419 4876 1605 4948 ostendere:
1631 4875 1768 4969 ideoque
1792 4875 1827 4948 in
1849 4875 1987 4970 presenti
2010 4873 2192 4968 recepimus

776 5011 907 5098 aparte
930 5010 986 5076 tun
1009 5008 1225 5074 memoratum
1246 5009 1479 5074 sacramentum
1503 5011 1536 5074 et
1558 5000 1762 5078 definivimus
1785 5003 1901 5077 exinde
1909 5049 2182 5076 ............
