4900 6528
895 949 1048 1022 CLXXV.

351 1202 447 1298 †ln
473 1200 610 1276 nomine
640 1199 769 1274 domini
804 1199 857 1272 dei
892 1199 1063 1274 salvatoris
1093 1199 1201 1272 nostu
1231 1199 1332 1272 lbesa
1353 1199 1478 1272 Christi
1508 1205 1688 1296 Imperante
1751 1247 1809 1294 an,

258 1327 394 1404 domino
416 1333 528 1400 nostro
551 1325 665 1400 basilio
689 1346 809 1419 magno
831 1323 1027 1418 imperatore
1043 1345 1128 1396 anno
1142 1323 1345 1396 masuam
1368 1325 1425 1396 sed
1441 1328 1685 1402 etoonstantino
1735 1357 1820 1422 979.

258 1454 358 1524 irater
379 1449 450 1524 eins
473 1471 592 1544 magno
614 1451 811 1546 Imperatore
826 1469 910 1520 anno
926 1446 1158 1520 sextodecimo.
1179 1446 1232 1519 die
1247 1447 1383 1542 septima
1398 1449 1517 1524 mensis
1532 1450 1685 1526 numan

259 1573 435 1654 indictione
457 1572 594 1670 septima
616 1569 754 1670 neapoli.
778 1570 912 1646 Certum
934 1581 982 1644 est
1004 1593 1058 1644 me
1081 1569 1167 1642 bona
1190 1569 1256 1642 iilia
1279 1572 1445 1667 quondam
1452 1621 1677 1647 ..........

259 1704 358 1778 drosu
381 1701 543 1798 iugalibus
573 1723 639 1776 una
671 1723 744 1774 oum
768 1723 927 1776 consensu
949 1700 1034 1796 petri
1058 1699 1121 1772 viri
1144 1700 1234 1774 meis
1261 1708 1294 1772 et
1316 1699 1529 1776 abitatoribus
1551 1702 1586 1774 in
1611 1703 1684 1778 loco

260 1827 322 1924 qui
344 1833 480 1900 vocatur
486 1875 591 1902 .....
597 1827 630 1900 Α
652 1827 792 1924 presenti
814 1825 869 1900 die
891 1825 1108 1921 promtissima
1123 1826 1288 1900 voluntate
1303 1825 1492 1900 Vennndedi
1515 1835 1548 1898 at
1569 1828 1686 1901 tradidi

260 1951 354 2028 rotis
375 1950 509 2025 iohanni
531 1951 679 2048 et'pitrn
703 1951 767 2024 boe
790 1961 840 2046 ost
863 1951 985 2050 iugales
1013 1961 1047 2027 et
1069 1949 1280 2024 abitatoribus
1311 1952 1346 2024 in
1374 1952 1558 2024 oolnianum
1590 1951 1684 2026 istius

260 2075 417 2152 territorii
439 2085 562 2150 nostro.
583 2077 676 2152 lnaat
698 2077 823 2176 integra
846 2101 912 2152 una
935 2085 1021 2152 terra
1036 2099 1110 2150 men
1122 2097 1189 2172 «pne
1205 2082 1339 2148 vomtur
1354 2075 1541 2150 obminiana
1556 2083 1590 2148 at
1607 2099 1686 2150 san·

260 2214 352 2282 unns
373 2206 513 2282 sossium
535 2215 570 2278 at
591 2205 793 2302 pisrbinulaa
821 2231 887 2282 una
909 2229 986 2282 snm
1010 2205 1179 2280 arboribus
1202 2213 1237 2280 et
1258 2227 1334 2280 oum
1357 2201 1528 2280 introssam
1542 2229 1639 2278 suum
1654 2215 1687 2278 et

260 2333 413 2410 omnibus
435 2335 498 2408 sivi
520 2335 773 2430 muntium:
788 2335 848 2432 qui
869 2336 1003 2412 roboret
1025 2337 1126 2412 siria
1147 2334 1272 2412 duabus
1294 2335 1450 2434 oapiubus
1465 2345 1550 2412 terra
1564 2334 1689 2408 domini

261 2457 447 2554 stapbanasi
469 2459 605 2532 umilom
627 2459 855 2554 presbiterum.
878 2473 912 2538 et
935 2467 974 2536 da
996 2489 1060 2538 orto
1082 2467 1182 2540 latere
1204 2447 1335 2542 eoberet
1357 2472 1443 2540 terra
1466 2463 1524 2558 qui
1548 2463 1610 2536 tuit
1625 2483 1688 2532 ro-
1821 2539 1831 2550 ,

259 2585 359 2658 mani
381 2592 416 2660 et
437 2563 478 2660 de
502 2585 566 2658 alio
590 2585 690 2659 latere
712 2585 845 2660 ooberet
866 2593 953 2659 terra
980 2592 1083 2660 maria
1105 2593 1301 2664 surrentina:
1327 2591 1387 2686 qui
1409 2589 1491 2662 mibi
1514 2587 1646 2683 obvenit
1669 2611 1687 2656 a

261 2710 430 2806 qnondam
452 2719 547 2806 petro
570 2711 757 2806 primicerio
780 2719 814 2782 et
836 2709 938 2782 maria
961 2711 1086 2806 iugales
1109 2737 1169 2808 pro
1191 2714 1447 2810 morgincabtum
1463 2733 1574 2784 meum
1598 2711 1687 2806 quod

261 2836 325 2930 ipsi
348 2836 472 2932 iugales
494 2836 577 2910 mibi
599 2837 676 2912 dare
699 2836 880 2910 debuerunt
902 2861 961 2932 per
983 2837 1145 2909 chartula:
1172 2842 1263 2913 Unde
1286 2840 1369 2912 nihil
1391 2839 1472 2910 mibi
1503 2839 1590 2908 intus
1614 2859 1691 2906 me-

260 2973 404 3037 moratas
426 2963 654 3060 quoherantias
682 2964 797 3038 exinde
821 2963 945 3061 aliquid
972 2965 1127 3038 remansit
1149 2975 1206 3037 aut
1228 2967 1391 3038 resorberi
1413 2987 1473 3034 neo
1496 2965 1531 3034 in
1556 2963 1692 3032 Quam

261 3087 421 3184 cuiusque
444 3111 580 3183 persona
603 3089 693 3184 qnod
717 3087 798 3160 absit
820 3089 983 3162 oommisit
1006 3099 1063 3163 aul
1086 3089 1152 3164 iam
1172 3089 1346 3162 commisto
1369 3095 1580 3184 paeonum:
1607 3093 1640 3156 et
1662 3085 1693 3154 Α

258 3215 403 3311 presenti
418 3215 471 3289 dio
488 3224 521 3288 et
536 3215 684 3311 deinceps
699 3216 921 3310 prenominata
937 3217 1061 3312 integra
1078 3227 1256 3288 memorata
1273 3227 1359 3290 terra
1374 3239 1447 3287 mea
1471 3213 1610 3309 qualiter
1632 3235 1690 3305 per

260 3345 456 3412 memoratas
478 3337 676 3412 cohaerentias
689 3337 855 3410 circundat
871 3363 936 3410 una
951 3363 1028 3410 oum
1044 3339 1211 3410 arboribus
1227 3349 1350 3410 etcum
1365 3338 1534 3410 introitum
1548 3359 1645 3407 soum
1660 3346 1694 3407 et

258 3463 412 3536 omnibus
435 3464 497 3537 siri
519 3464 753 3560 pertinentibus
777 3475 816 3537 ut
837 3487 935 3560 super
958 3465 1088 3560 legitur.
1112 3491 1130 3536 a
1154 3489 1208 3538 ms
1231 3465 1324 3536 robis
1346 3463 1411 3535 sint
1425 3461 1644 3534 benundatum
1661 3471 1695 3532 et

259 3587 416 3660 traditum
439 3589 602 3662 innostra
626 3591 804 3686 vestrisque
827 3589 1001 3662 heredibus
1023 3589 1088 3678 sint
1111 3595 1266 3684 potestate
1293 3609 1424 3684 queque
1448 3584 1565 3656 exinde
1589 3586 1694 3656 faeere

262 3713 580 3810 rolueritissemper
602 3715 738 3788 liberam
762 3715 882 3788 abeatis
905 3721 1071 3808 potestate.
1096 3723 1130 3786 et
1151 3685 1258 3808 neque
1280 3737 1300 3784 a
1323 3734 1377 3784 me
1400 3717 1578 3782 memorata
1608 3709 1694 3780 bona

264 3861 343 3913 enm
364 3861 522 3914 consensu
543 3839 713 3912 memorati
736 3839 821 3935 petri
846 3838 910 3912 viri
935 3839 999 3912 mei
1022 3861 1129 3936 neque
1152 3864 1172 3910 a
1195 3837 1277 3912 meis
1298 3835 1473 3909 heredibus
1490 3857 1551 3906 nee
1566 3859 1584 3906 a
1599 3834 1695 3906 nobis

264 3969 411 4066 personis
433 3967 612 4044 summissis
634 3967 726 4042 nullo
749 3975 895 4062 tempore
918 3989 1099 4064 numquam
1123 3989 1182 4039 vos
1204 3975 1383 4038 memorato
1396 3963 1536 4037 iohanne
1559 3975 1593 4036 et
1615 3985 1693 4034 ωο-

264 4105 390 4169 morata
414 4097 502 4192 pitrn
517 4095 644 4191 iugales
659 4105 716 4168 aut
731 4094 903 4168 heredibus
918 4095 1034 4168 vestris
1049 4095 1138 4192 qnod
1153 4095 1235 4166 obsit
1252 4094 1372 4166 abeatis
1384 4091 1501 4165 exinde
1517 4091 1690 4186 elimando

265 4243 476 4318 quacumque
507 4219 723 4316 requesitione
752 4227 808 4290 ant
831 4217 978 4292 molestia
1000 4216 1154 4324 ha‘nuno
1176 4227 1210 4292 et
1237 4216 1446 4314 imperpetuis
1481 4215 1692 4310 temporibus.

265 4351 402 4446 Insuper
425 4355 458 4422 et
481 4348 522 4420 ab
545 4347 635 4420 omni
650 4347 793 4420 ommino
807 4347 962 4442 omnique
978 4368 1114 4442 persona
1129 4345 1220 4420 omni
1239 4356 1383 4442 tempore
1398 4367 1460 4440 ego
1475 4354 1508 4416 et
1522 4343 1694 4416 heredibus

266 4476 348 4548 meis
370 4475 462 4548 robis
486 4475 666 4570 vestrisque
689 4473 862 4546 heredibus
886 4475 1003 4550 exinde
1017 4475 1216 4548 inomnibns
1239 4481 1394 4546 antestare
1406 4480 1440 4544 et
1455 4471 1619 4544 defensare
1633 4473 1694 4544 de-

267 4603 423 4674 beamus:
449 4598 692 4696 propterquod
717 4599 825 4692 aocepi
849 4623 868 4669 a
892 4599 986 4670 robis
1009 4599 1126 4672 exinde
1149 4600 1184 4671 in
1207 4597 1361 4694 presentis
1384 4597 1419 4670 in
1442 4618 1573 4672 omnem
1598 4597 1693 4670 deoi-

269 4731 360 4804 sione
383 4751 441 4802 seu
464 4727 692 4800 deliberatione
716 4726 797 4798 idest
819 4727 891 4798 anri
915 4727 977 4798 tari
1001 4727 1136 4823 viginti:
1162 4727 1239 4824 quia
1254 4726 1406 4802 itanobis
1421 4749 1505 4798 rone
1521 4725 1694 4800 voluntatis

269 4854 391 4952 placuit
413 4853 441 4926 si
464 4861 574 4926 autem
598 4849 690 4922 aliter
713 4851 883 4924 fecerimus
908 4853 948 4926 de
971 4851 1023 4924 bis
1046 4853 1196 4924 omnibns
1209 4853 1395 4926 memoratis
1410 4875 1469 4948 per
1481 4851 1598 4948 quovis
1613 4875 1693 4923 mo·

271 4983 349 5056 dum
374 4971 431 5052 aut
453 4975 634 5067 summissis
652 4975 796 5072 personis
818 4989 897 5049 tune
919 5001 1079 5075 compono
1101 4999 1164 5075 ego
1180 4988 1213 5053 et
1226 4977 1399 5056 heredibus
1422 4977 1502 5054 meis
1517 4977 1609 5052 vobis
1628 5003 1692 5052 vs-
