4900 6528
896 639 1046 735 (eso)

900 921 1069 992 ccxxvt.

365 1175 396 1274 †
419 1183 456 1252 ln
479 1179 610 1250 nomine
635 1177 759 1268 domini
783 1175 836 1248 dei
858 1175 1026 1247 salvatoris
1049 1178 1155 1248 nostri
1177 1175 1273 1249 ihesu
1297 1179 1415 1250 Christi
1430 1183 1611 1278 Imperante
1631 1193 1696 1263 do-
1757 1201 1815 1248 an.

271 1305 360 1376 mino
384 1311 496 1374 nostro
519 1301 632 1372 besilio
655 1321 774 1393 magno
788 1300 985 1394 Imperatore
1009 1323 1110 1374 anno:
1130 1303 1359 1399 nonodecimo}
1376 1306 1432 1378 sed
1449 1315 1481 1377 et
1496 1313 1695 1384 constantino
1747 1314 1834 1374 ⁹¹¹⁹·

270 1453 389 1523 magno
412 1427 605 1523 imperatore
628 1426 819 1498 hetereius
843 1447 928 1496 anuo
951 1425 1189 1498 sextodecimo:
1207 1429 1259 1499 die
1282 1428 1417 1502 hoctaba
1441 1437 1575 1507 mensis:
1594 1441 1693 1532 magii
1831 1463 1836 1473 ·

270 1553 444 1627 indictione
467 1552 600 1646 septima
625 1549 768 1644 neapoli:
787 1549 912 1620 dionissi
936 1548 1103 1622 divisionis
1118 1552 1200 1622 tacta
1216 1576 1235 1620 a
1250 1574 1302 1624 me
1317 1575 1394 1624 urso
1411 1557 1515 1628 tilium
1530 1565 1694 1656 quondam

270 1680 402 1752 iohanni
426 1677 566 1752 abitante
589 1679 630 1750 de
653 1677 726 1749 ioco
749 1678 807 1772 qui
831 1678 1032 1750 nominatur:
1051 1679 1257 1772 nepotianum
1281 1705 1378 1777 super
1394 1683 1481 1755 elihu
1505 1687 1545 1758 de
1568 1691 1692 1782 galioro

212 1863 213 1868 ,
272 1813 311 1882 de
335 1831 399 1881 una
422 1808 506 1904 petia
530 1809 571 1882 de
595 1820 680 1883 terra
703 1815 829 1880 nosue:
856 1807 975 1901 posita:
993 1807 1027 1877 in
1051 1818 1229 1896 memorato
1251 1807 1324 1880 loco
1347 1811 1568 1905 nepotianum:
1596 1839 1695 1910 quam

270 1959 332 2028 ego
356 1936 451 2009 divisi
473 1937 509 2008 in
531 1939 658 2010 tertiam
682 1949 828 2032 partem:
854 1935 938 2008 inter
962 1959 1015 2008 me
1038 1945 1069 2007 et
1094 1959 1163 2008 vos.
1181 1935 1328 2008 bidebcet
1350 1936 1443 2011 leone
1462 1938 1532 2011 thio
1549 1963 1632 2014 meo.
1647 1943 1693 2014 fi-

270 2065 351 2138 iium
375 2067 540 2162 quondum
563 2067 667 2140 tauri:
685 2074 718 2142 et
741 2065 892 2162 gregoria
917 2064 982 2136 filia
1006 2063 1171 2159 quondam
1194 2065 1279 2159 lupi:
1306 2065 1417 2138 conius
1440 2075 1496 2140 tua
1518 2071 1689 2142 memorati

269 2189 356 2264 iconi
380 2192 450 2263 thio
472 2215 569 2265 meos
588 2195 628 2266 de
652 2213 717 2288 qua
743 2191 865 2286 tetigit:
885 2190 918 2261 in
936 2190 996 2261 ista
1011 2189 1159 2284 portione
1173 2189 1265 2260 tertis
1282 2199 1314 2260 te
1329 2203 1505 2264 memorata
1521 2197 1685 2289 gregoria:

267 2319 476 2412 idmtfporu'o
498 2344 540 2390 ex
563 2321 632 2412 ipse
655 2329 740 2390 terra
763 2321 853 2413 quod
877 2329 925 2390 est
949 2344 968 2388 a
991 2327 1081 2413 parte
1104 2317 1259 2390 horientis
1273 2317 1356 2390 iusta
1373 2319 1510 2393 fundum
1525 2329 1691 2397 nostmm:

270 2465 368 2541 quem
390 2444 605 2518 communiter
635 2445 825 2516 divisimus:
850 2447 936 2514 unda
961 2445 1022 2516 alia
1047 2447 1154 2540 portio
1177 2471 1220 2518 ex
1244 2471 1308 2518 ea:
1332 2471 1351 2518 u
1378 2455 1469 2542 parte
1495 2433 1691 2520 hoccidentis

268 2570 359 2668 quod
381 2577 429 2642 est
451 2571 487 2641 in
509 2558 615 2641 media
639 2569 706 2640 toea
722 2569 807 2638 inter
828 2565 889 2638 ista
912 2566 1059 2659 portione
1082 2580 1116 2640 et
1137 2572 1284 2663 portione
1308 2537 1410 2666 prima
1434 2572 1492 2668 qui
1507 2579 1554 2644 ost
1568 2595 1588 2643 a
1603 2581 1694 2667 parte

259 2696 481 2782 hoccidentis:
498 2696 603 2790 tetigit
625 2695 659 2766 in
682 2694 831 2789 portione
844 2693 984 2766 secunda
997 2701 1030 2764 te
1045 2705 1224 2769 memorato
1240 2697 1349 2772 leone:
1368 2699 1456 2794 quod
1473 2673 1693 2774 estintrsber-

268 2851 308 2900 su
332 2827 433 2900 divise
456 2826 550 2898 sicmi
573 2825 657 2896 inter
680 2845 714 2896 se
740 2823 883 2894 terminis
906 2821 1045 2894 exiiuat:
1068 2871 1242 2896 ........
1249 2829 1356 2920 portio
1372 2849 1448 2900 cum
1471 2828 1639 2901 arboribus
1662 2837 1696 2901 et

268 2955 438 3029 introitum
461 2974 558 3024 snum
581 2961 613 3024 et
632 2949 786 3024 omnibus
810 2933 873 3020 sivi
895 2948 1143 3044 pertinentibus:
1163 2951 1233 3022 vias
1256 2975 1335 3025 vero
1362 2953 1421 3026 ubi
1444 2977 1572 3028 necessa
1597 2957 1696 3028 tuerit
1810 2967 1812 2972 ’

270 3083 366 3157 dandi
382 3085 464 3156 inter
478 3083 566 3154 eoois
580 3081 760 3175 nostrisque
773 3079 945 3154 heredibus
959 3081 1076 3153 exinde
1089 3081 1165 3156 dare
1178 3083 1351 3156 deveamus
1374 3107 1515 3180 cumque
1527 3107 1695 3158 necessum

268 3212 366 3303 fouit
379 3209 456 3304 quia
472 3207 517 3278 iu
532 3205 623 3279 nobis
638 3205 771 3301 placuit:
786 3215 818 3277 et
833 3229 907 3300 pers
923 3208 981 3302 qui
997 3231 1031 3280 se
1046 3219 1211 3279 retornare
1225 3211 1432 3304 presumserit
1447 3212 1489 3283 de
1502 3209 1530 3281 is
1546 3211 1698 3286 omnibus

268 3337 471 3410 memoratio
496 3357 555 3431 per
570 3357 605 3409 se
622 3343 678 3408 aut
704 3355 763 3430 per
776 3335 919 3408 somissis
941 3336 1103 3428 personis:
1131 3342 1209 3407 tunc
1231 3317 1404 3430 componat
1425 3359 1500 3430 pars
1523 3337 1623 3429 ipsius
1638 3339 1695 3410 in-

268 3463 370 3536 iideiis
393 3473 426 3534 et
447 3462 513 3534 suis
536 3461 730 3536 heredibusz
751 3471 783 3533 at
805 3442 929 3557 partem
952 3461 1049 3532 fidem
1072 3461 1226 3532 sorbentis
1249 3461 1383 3556 eiusque
1405 3460 1596 3534 heredibus:
1622 3464 1695 3550 auri

193 3615 197 3620 ·
271 3590 392 3664 solidos
424 3589 595 3664 duodecim
618 3590 820 3685 bytianteos:
847 3588 962 3661 etheo
986 3588 1111 3662 merissi
1143 3587 1309 3661 divisionis
1333 3596 1370 3658 ut
1392 3609 1489 3684 super
1511 3588 1631 3683 iegitur
1654 3591 1695 3662 sit

270 3713 363 3788 mma
386 3713 503 3809 scripta
527 3735 586 3808 per
608 3735 722 3787 manns
745 3714 832 3786 leoni
856 3711 985 3784 curialis
1007 3735 1066 3806 per
1089 3718 1266 3784 memorate
1297 3711 1430 3807 septima
1461 3710 1636 3784 indictione
1659 3710 1691 3804 †

363 3841 427 3913 boc
450 3839 580 3937 signum
603 3837 634 3934 †
657 3815 754 3912 mabu
778 3836 949 3910 memorati
971 3838 1064 3912 ursi:
1089 3837 1153 3910 boc
1175 3837 1304 3932 signum
1328 3837 1360 3934 †
1385 3858 1498 3910 manus
1521 3836 1693 3909 memorati

270 3973 379 4048 teceri:
404 3971 534 4066 signnm
557 3967 589 4066 †
611 3985 724 4040 manus
749 3969 928 4039 memorata
952 3966 1100 4066 gregoria
1122 3967 1210 4064 quod
1227 3989 1289 4061 ego
1301 3967 1359 4062 qui
1375 3975 1569 4040 memoratos
1592 3964 1633 4037 ab
1646 3965 1695 4040 eis

269 4109 403 4200 rogatus
426 4122 488 4195 pro
511 4100 557 4172 eis
580 4097 753 4192 subscripsi
775 4095 807 4190 †
864 4175 866 4178 .

364 4223 396 4320 †
419 4247 481 4319 ego
504 4223 659 4296 iohannes
682 4219 768 4294 iilius
799 4218 922 4292 domini
947 4220 1089 4314 gregorii
1114 4221 1184 4291 testi
1207 4219 1380 4314 subscripsi
1402 4217 1433 4314 †

365 4350 397 4447 †
420 4371 482 4444 ago
505 4349 674 4444 gregorius
706 4345 791 4419 filius
822 4345 946 4416 domini
969 4345 1038 4416 ursi
1060 4344 1133 4416 testi
1156 4343 1328 4437 subscripsi
1350 4355 1382 4437 †
1422 4407 1424 4414 .

365 4475 397 4590 1·
421 4499 483 4572 ogo
503 4477 629 4570 sergius
652 4471 737 4546 fitius
760 4472 885 4545 domini
909 4470 1058 4544 iohannis
1081 4469 1230 4542 monachi
1254 4471 1342 4542 testis
1365 4467 1537 4562 subscripsi
1562 4465 1593 4561 †

863 4833 1110 4876 nmmo·-
