4954 6532
1414 603 1513 702 (⁶)

752 768 887 838 domum
910 781 938 839 et
963 767 1148 842 iootdictum
1161 764 1294 837 bortum
1306 760 1430 836 invice
1445 761 1504 857 qui
1525 759 1711 832 nominatur
1726 757 1889 831 beariolat
1909 759 1982 830 Una
1996 779 2074 834 cnm
2088 759 2174 834 ahe-

753 892 846 962 ribus
869 899 902 962 et
925 889 1107 984 aspectibus
1130 889 1227 960 simul
1250 911 1325 958 cum
1349 883 1482 958 introito
1505 906 1562 954 suo
1584 880 1804 974 leonibusque
1827 879 1889 951 sibi
1911 880 2170 973 pertinentibus:

756 1021 805 1088 lle
830 1039 896 1111 qua
919 1015 1002 1088 nihil
1024 1015 1118 1089 nobis
1142 1016 1182 1087 de
1204 1013 1354 1086 omnibus
1377 1011 1550 1084 nominatis
1573 1009 1706 1104 aliquod
1729 1005 1883 1078 remansit
1906 1007 2014 1078 setin
2045 1006 2174 1101 integro

750 1147 831 1217 sicot
861 1143 1008 1239 superius
1041 1141 1161 1238 legitur
1194 1141 1330 1214 anobis
1364 1139 1458 1212 robis
1489 1138 1531 1208 sit
1559 1142 1770 1208 commutatas
1794 1143 1828 1204 at
1850 1133 1982 1204 traditas
2004 1134 2040 1205 in
2062 1145 2171 1209 vestra

749 1262 928 1363 vestrisque
951 1265 1124 1339 heredibus
1146 1265 1189 1336 sit
1212 1270 1370 1360 potestate
1393 1259 1553 1359 quidquid
1575 1257 1693 1332 exinde
1714 1258 1820 1330 teus
1842 1255 2012 1331 volueritis
2026 1257 2168 1334 livorum

750 1374 880 1487 semper
914 1391 1061 1464 horestis
1096 1397 1253 1486 potestate
1286 1397 1423 1481 excepto
1456 1393 1495 1456 ut
1517 1382 1666 1477 superius
1689 1382 1832 1458 diximus
1854 1381 2038 1456 nominatus
2058 1383 2172 1458 hortus
2282 1395 2285 1402 '

749 1529 849 1612 quem
884 1514 1008 1590 detinet
1032 1513 1217 1586 nominatus
1239 1519 1368 1582 sanctus
1391 1517 1500 1582 noster
1522 1506 1736 1580 monasterius
1759 1505 1848 1602 quod
1871 1504 2036 1578 innostra
2059 1515 2172 1601 posts-

747 1643 858 1737 risque
892 1641 1010 1716 nostris
1044 1639 1302 1714 rememoras
1327 1644 1507 1733 potestate:
1533 1647 1567 1708 et
1589 1659 1697 1731 neque
1719 1660 1739 1708 a
1762 1635 1854 1706 nobis
1878 1635 2043 1708 nominato
2066 1657 2171 1710 uene

746 1770 832 1840 dicto
854 1770 966 1842 umilis
987 1771 1142 1864 igumeno
1165 1791 1273 1864 neque
1296 1791 1316 1836 a
1339 1764 1474 1860 posteris
1498 1766 1612 1838 muria
1634 1789 1694 1840 nec
1718 1789 1737 1836 e
1754 1764 1921 1838 nominato
1935 1773 2045 1838 sancto
2060 1773 2170 1838 nostro

746 1895 941 1964 monasterio
978 1917 1038 1966 nec
1071 1895 1207 1968 anobis
1242 1892 1387 1988 personis
1419 1891 1601 1964 summissis
1624 1892 1716 1964 ntdlo
1743 1902 1889 1986 tempore
1911 1913 2090 1986 numquam
2112 1911 2172 1964 vos

746 2018 910 2087 nominato
948 2019 1000 2090 leo
1035 2027 1069 2089 et
1092 2021 1195 2090 maria
1225 2019 1368 2114 iugales,
1388 2027 1446 2089 aut
1470 2017 1606 2092 heredes
1640 2017 1757 2090 restris
1789 2017 1879 2111 quod
1913 2016 1996 2088 absit
2028 2015 2171 2090 benedis

745 2139 861 2213 exinde
884 2140 1056 2236 aliquando
1081 2164 1292 2238 quacumque
1313 2142 1531 2237 requesitione
1554 2149 1612 2212 aut
1633 2141 1814 2214 molestiam
1836 2165 1856 2210 a
1878 2149 2021 2244 nuncet
2042 2138 2171 2234 impen-

745 2266 849 2360 petuis
884 2267 1112 2360 temporibus:
1143 2271 1278 2360 Insuper
1309 2268 1423 2340 homni
1455 2279 1600 2362 tempore
1633 2291 1689 2360 epo
1711 2283 1741 2338 et
1759 2268 1891 2360 puseo
1922 2266 2003 2340 meis
2025 2267 2079 2340 rel
2102 2288 2170 2338 no·

747 2391 888 2463 minatus
922 2403 1051 2462 sanctus
1085 2401 1195 2464 noster
1227 2391 1439 2462 monasterius
1464 2391 1581 2466 exinde
1604 2393 1645 2462 ab
1669 2395 1758 2464 omni
1782 2396 1891 2466 omine
1914 2394 2067 2487 omnique
2089 2415 2170 2486 per-

746 2535 823 2586 sona
857 2513 893 2584 in
916 2512 1066 2586 omnibus
1105 2523 1262 2588 antestare
1297 2523 1330 2586 et
1354 2515 1523 2589 defensare
1543 2513 1762 2607 promittimus
1785 2515 1907 2610 amorre
1928 2514 2041 2586 bomni
2063 2525 2170 2587 vestra

581 2634 585 2643 '
623 2657 626 2662 ’
747 2635 975 2731 heredumque
1010 2645 1194 2709 vestrorum
1225 2637 1435 2710 damnietate:
1462 2660 1523 2731 pro
1545 2659 1587 2710 eo
1611 2637 1700 2731 qnod
1722 2637 1757 2706 in
1780 2638 1920 2731 presenti
1942 2638 1984 2710 ed
2006 2637 2169 2712 vesnia

747 2761 997 2834 commutatione
1031 2761 1383 2856 recompesationisque
1419 2760 1601 2853 accepimus
1632 2784 1651 2829 a
1680 2759 1801 2830 vobis:
1835 2762 1929 2832 lllest
1960 2761 2084 2854 integra
2106 2782 2168 2832 su·

747 2883 873 2978 periore
897 2883 1034 2956 triclinei
1065 2885 1167 2956 vestri
1202 2907 1269 2960 una
1303 2907 1380 2956 cum
1414 2883 1584 2958 sexuncias
1614 2893 1737 2956 rostras
1755 2883 1794 2954 de
1810 2883 1973 2976 porticum
1996 2885 2109 2958 subtus
2132 2904 2167 2960 se

755 3008 814 3100 qni
838 3016 885 3078 est
918 3034 937 3078 a
960 3017 1051 3100 parte
1065 3025 1070 3038 ·
1083 3007 1256 3080 occidentis
1279 3011 1445 3106 quomodo
1469 3007 1558 3080 hedit
1580 3007 1740 3080 directum
1762 3007 1797 3078 in
1819 3017 1910 3102 parte
1933 3009 2167 3101 septemtrionis

747 3155 851 3226 usque
889 3134 930 3206 ad
952 3135 1091 3208 maceria
1115 3135 1155 3208 de
1179 3133 1313 3208 bortum
1336 3133 1484 3210 iohannis
1508 3131 1631 3204 domini
1660 3131 1758 3224 sergii
1792 3133 1925 3226 preteeti
1957 3136 2166 3226 postmodum

748 3279 832 3330 vero
865 3259 1026 3332 monaehi.
1061 3263 1118 3334 sed
1153 3286 1173 3340 a
1205 3270 1340 3337 mutuae
1364 3261 1403 3334 de
1426 3261 1582 3356 parietem
1605 3256 1761 3334 nominati
1783 3257 1921 3330 triclinei
1945 3260 2105 3336 directum
2130 3261 2166 3334 in

749 3385 915 3460 nominata
949 3389 1176 3482 septentrionis
1210 3397 1302 3482 perte
1334 3411 1438 3483 usqne
1470 3388 1512 3462 ad
1546 3387 1710 3460 nominata
1732 3385 1872 3458 maceria
1895 3387 2161 3466 denominatum

747 3509 881 3582 bortum
903 3511 1048 3586 iamdicti
1071 3514 1220 3587 lobannis
1243 3516 1352 3588 ambas
1364 3525 1471 3616 partes
1486 3514 1607 3586 iridem
1620 3512 1759 3587 macerie
1782 3515 1886 3588 faeere
1909 3513 2101 3588 deveamus:
2126 3520 2162 3586 et

694 3649 697 3655 “
745 3635 859 3728 siege
883 3647 940 3705 aut
964 3638 1086 3728 posteri
1110 3640 1177 3712 net
1199 3639 1322 3712 ividem
1346 3639 1504 3734 parietem
1527 3637 1697 3714 borium
1720 3659 1796 3712 tum
1818 3637 1905 3710 calce
1925 3685 2150 3712 ..........

743 3761 905 3834 licentiam
928 3771 961 3834 et
984 3741 1172 3856 potestatem
1195 3764 1372 3837 hasenmus
1386 3767 1508 3838 ividem
1521 3765 1657 3838 frabrica
1672 3764 1713 3836 ad
1728 3765 1818 3836 omni
1832 3775 1944 3836 nostro
1968 3769 2153 3860 expendio:

746 3889 817 3960 Una
840 3911 917 3959 cunr
940 3887 1090 3962 uberibus
1120 3902 1150 3958 et
1173 3891 1340 3979 mpeetdtu
1372 3889 1468 3960 simul
1498 3913 1574 3960 cum
1596 3892 1729 3961 introito
1755 3915 1822 3962 suo
1847 3891 2085 3988 homnibusque
2108 3894 2157 3965 eis

744 4014 1002 4106 pertinentibus:
1038 4012 1217 4086 coherente
1240 4015 1301 4090 sivi
1324 4014 1489 4089 nominos
1511 4013 1677 4107 superiora
1701 4015 1839 4089 triclinei
1865 4040 1930 4112 que
1968 4041 2029 4090 vos
2065 4020 2161 4092 nobis

748 4137 996 4208 commntaslitis
1020 4137 1060 4208 de
1083 4157 1150 4207 uno
1173 4139 1272 4210 latere
1295 4147 1386 4231 perte
1408 4137 1541 4210 orientis
1563 4139 1698 4214 domum
1712 4141 1871 4212 nominati
1893 4141 2044 4216 iohannis
2065 4145 2160 4216 sicuti

744 4261 831 4332 inter
862 4283 897 4333 se
931 4261 1062 4356 parietis
1094 4262 1225 4340 exlinat.
1251 4265 1347 4336 etde
1370 4263 1435 4340 alio
1462 4264 1561 4344 latere
1584 4279 1675 4360 parte
1698 4267 1870 4344 occidentis
1900 4271 2034 4362 domum
2056 4281 2161 4343 vestra

745 4411 811 4485 que
845 4387 879 4458 in
912 4397 1017 4460 restra
1047 4389 1257 4468 reservastitis
1289 4399 1480 4485 potatatem
1512 4391 1607 4470 sicuti
1640 4393 1725 4468 inter
1746 4417 1781 4467 se
1804 4395 1934 4490 parietis
1957 4397 2088 4470 exfinat.
2112 4405 2162 4469 set

747 4533 812 4582 une
848 4511 938 4604 regia
969 4513 1029 4608 qni
1065 4525 1113 4586 est
1145 4515 1181 4586 in
1203 4517 1405 4599 nominatum
1427 4515 1584 4613 parietem
1617 4542 1682 4592 nna
1704 4543 1780 4594 cum
1815 4521 1876 4594 alia
1903 4523 1994 4617 regia
2023 4524 2081 4620 qui
2113 4533 2162 4596 est

745 4635 860 4712 subtus
883 4659 918 4708 se
952 4636 985 4706 in
1010 4638 1182 4710 cellareum
1218 4649 1362 4719 vestrum
1385 4665 1450 4738 qne
1473 4643 1508 4716 in
1530 4647 1636 4716 restra
1658 4645 1868 4718 reservastitis
1890 4655 2080 4744 potestatem
2101 4647 2160 4742 qui

746 4771 794 4836 est
817 4771 851 4834 et
874 4763 909 4835 in
932 4766 1110 4840 nominatas
1134 4768 1310 4840 sexuncias
1323 4779 1445 4842 vestrm
1467 4771 1508 4842 de
1529 4773 1730 4846 nominatum
1744 4749 1905 4867 porticum
1916 4776 2005 4868 quod
2019 4797 2078 4846 vos
2092 4797 2159 4846 no-

670 4887 696 4962 ’,
745 4882 795 4958 bis
818 4888 1063 4962 commutastitis
1087 4891 1250 4966 nominate
1273 4891 1367 4966 ambe
1390 4894 1480 4989 regie
1497 4915 1557 4970 nos
1580 4905 1613 4968 et
1633 4895 1769 4992 posteris
1794 4895 1915 4970 *nostris
1941 4897 2076 4974 trebrire
2099 4900 2158 4974 de·
