4854 6528
900 700 1042 796 (ant)

924 978 1031 1054 CLIV.

359 1235 589 1333 †1nnomine
604 1232 732 1307 domini
746 1230 800 1304 dei
815 1231 985 1304 salvatoris
1000 1231 1105 1304 nostri
1117 1231 1215 1306 ihesu
1229 1229 1352 1308 Christi
1362 1235 1545 1330 Imperante
1557 1241 1691 1312 domino
1761 1259 1814 1306 an.

266 1373 380 1440 nostro
403 1362 519 1436 basilio
543 1381 666 1454 magno
689 1359 889 1453 Mperatore
912 1381 996 1430 anno
1021 1360 1253 1432 tertiodecimo.
1276 1362 1333 1434 sed
1348 1373 1381 1433 et
1396 1365 1595 1436 constantino
1612 1387 1688 1436 ma·
1737 1371 1824 1431 973.

264 1513 335 1585 gno
358 1489 552 1582 imperatore
574 1483 674 1556 irater
697 1483 767 1556 eius
790 1504 876 1554 anno
898 1479 1037 1554 decimo.
1062 1489 1097 1552 et
1118 1479 1257 1554 iohanne
1281 1506 1400 1576 magno
1423 1485 1618 1580 imperatore
1634 1491 1690 1560 sed

266 1622 302 1690 ot
325 1635 409 1684 anno
432 1611 539 1684 tertio.
564 1607 626 1680 uie
649 1606 801 1681 vicesima
824 1617 913 1679 sexta
937 1605 1055 1678 mensis
1078 1603 1187 1674 martii
1210 1604 1384 1676 indictione
1407 1609 1513 1700 prima
1535 1611 1685 1706 neapoli:

271 1739 404 1814 Certum
435 1748 484 1810 est
513 1759 571 1808 nos
603 1757 717 1808 ursum
752 1745 785 1806 et
817 1731 951 1805 iohanni
974 1741 1105 1826 petrum
1138 1729 1299 1823 germanis
1322 1729 1396 1802 tiliis
1420 1734 1583 1827 quondam
1605 1738 1690 1830 petri

268 1869 493 1938 commanente
517 1867 626 1932 anum
648 1858 686 1930 in
707 1857 781 1930 loco
806 1855 865 1952 qui
889 1862 1026 1927 vocatur
1048 1854 1163 1948 pinum
1178 1853 1342 1926 territorio
1358 1854 1531 1948 padulano.
1553 1858 1584 1927 A
1607 1881 1691 1952 pre-

267 1993 353 2070 senti
375 1990 428 2062 die
451 1987 669 2084 promtissima
693 1984 858 2058 voluntate
882 1980 1101 2077 promittimus
1124 1980 1183 2052 tibi
1207 1982 1340 2054 domino
1363 1984 1489 2056 marino
1512 1985 1689 2056 venerabili

268 2115 447 2214 presbitero
473 2115 640 2188 custodem
664 2135 743 2186 vero
759 2107 1065 2185 erelesievocabulo
1080 2106 1379 2182 sanctiheutbimii.
1394 2109 1549 2186 citavere
1565 2112 1600 2184 in
1616 2113 1691 2186 vico

268 2247 328 2342 qui
351 2253 487 2318 vocatur
510 2244 560 2318 sol
582 2252 615 2316 et
637 2243 726 2316 luna.
751 2250 789 2315 tu
812 2249 921 2314 autern
944 2263 1004 2336 per
1027 2241 1261 2315 absolutionem
1284 2249 1317 2314 et
1334 2243 1600 2338 subscriptionem
1624 2249 1690 2318 do-

268 2372 350 2442 mini
375 2367 524 2440 iohannis
546 2365 739 2438 venerabilis
761 2367 919 2460 ygumeni
941 2365 1128 2438 monasterii
1150 2372 1334 2440 sanctorum
1366 2368 1517 2442 theodori
1539 2379 1572 2442 et
1594 2371 1692 2444 seba-

267 2493 363 2566 stiani
388 2491 447 2586 qni
475 2487 653 2584 appellatur
675 2487 832 2580 casapicta
859 2489 958 2558 situm
973 2491 1008 2561 in
1022 2489 1176 2563 viridario
1199 2491 1343 2564 dominio
1366 2503 1545 2570 memorato
1559 2497 1692 2568 ecclesie

269 2619 371 2694 murti
393 2615 579 2690 beuthimii.
604 2626 736 2711 propter
754 2614 879 2708 integra
895 2635 961 2686 una
987 2615 1073 2710 petia
1088 2617 1129 2688 de
1144 2627 1309 2717 terraque
1325 2629 1458 2694 vocatur
1483 2622 1524 2709 ad
1539 2643 1692 2718 eampum

157 2731 161 2738 ¹
268 2747 352 2820 iuris
369 2753 547 2818 memorate
562 2741 694 2815 emissio
710 2741 811 2814 sancti
825 2739 998 2814 heutbimii
1021 2743 1200 2837 perfineme
1215 2745 1254 2820 de
1268 2749 1406 2822 tmtnm
1429 2756 1607 2822 memorate
1631 2771 1693 2820 ec·-

270 2874 368 2947 clesie
379 2873 480 2946 situm
496 2871 531 2942 in
544 2870 660 2944 eodem
673 2869 748 2942 loco
761 2869 886 2966 pinum.
902 2868 1074 2944 coherente
1092 2872 1154 2946 siri
1169 2871 1232 2944 hab
1246 2897 1313 2946 uno
1328 2875 1427 2948 latere
1442 2885 1528 2949 terra
1542 2876 1648 2949 sillicti
1660 2885 1693 2948 ct

259 2993 355 3093 ‘petri
378 2994 449 3068 tbio
472 3000 506 3068 et
527 3001 644 3088 nepote
669 2993 711 3066 de
733 2992 1011 3066 memoratoloco.
1027 3001 1117 3068 etex
1131 2995 1196 3068 alio
1210 2996 1311 3090 latere
1326 3005 1412 3084 terra
1426 2999 1495 3070 ursi
1517 3001 1557 3070 de
1580 3019 1692 3070 mare·

271 3123 376 3196 cunda
391 3122 432 3196 de
446 3119 622 3192 tribunum.
637 3118 689 3192 De
702 3141 770 3190 uno
784 3119 888 3214 capite
902 3126 987 3192 terra
1001 3141 1102 3216 qnam
1117 3119 1238 3194 detinet
1251 3123 1408 3217 gaudioso
1418 3131 1452 3194 et
1463 3122 1552 3195 bono
1566 3124 1607 3198 de
1621 3146 1694 3196 me·

272 3253 401 3320 morato
414 3245 489 3318 loeo
511 3244 688 3318 taibanum.
714 3245 763 3316 De
786 3243 850 3316 elio
873 3243 976 3339 eapite
991 3251 1076 3318 terra
1091 3245 1214 3319 domini
1229 3246 1362 3320 iohanni
1376 3257 1409 3322 et
1423 3249 1520 3344 sergii
1535 3251 1695 3344 germanis

273 3371 349 3446 filiis
363 3369 528 3466 quondam
551 3367 673 3443 domiui
693 3366 787 3464 petri.
813 3391 880 3464 que
894 3389 974 3440 rere
988 3375 1167 3438 memorata
1181 3377 1268 3438 terra
1282 3368 1420 3463 qualiter
1429 3393 1487 3464 per
1502 3381 1694 3444 memoratas

274 3497 474 3572 coherentias
496 3496 765 3594 exepegarimus
789 3517 865 3568 eum
889 3494 1059 3568 introitum
1082 3514 1178 3568 suum
1202 3494 1427 3591 omnibusque.
1450 3495 1512 3568 sivi
1535 3497 1695 3590 pertinen·

280 3625 368 3698 tibus
382 3617 484 3698 'nobis
514 3623 721 3720 nostrisque:
755 3619 930 3696 heredibus
966 3618 1080 3694 dedisti
1111 3627 1145 3692 at
1174 3619 1387 3694 lavorandum
1409 3628 1442 3692 et
1464 3623 1696 3716 pastenandnm
1794 3653 1797 3660 ·

274 3775 335 3847 per
357 3751 594 3825 absolutimem
626 3749 798 3824 memorati
829 3746 956 3821 domini
987 3746 1136 3822 iohannis
1159 3747 1350 3822 venerabilis
1372 3750 1527 3846 ygumeni
1552 3750 1697 3824 dominio

278 3885 455 3950 memorate
479 3877 623 3950 ecclesie.
647 3877 685 3946 In
708 3898 749 3947 eo
772 3873 860 3948 eninr
883 3883 996 3946 tenore
1027 3883 1065 3946 ut
1088 3899 1148 3950 nos
1172 3886 1206 3952 et
1227 3875 1362 3952 heredes
1388 3879 1506 3952 nostris
1529 3878 1584 3952 illa
1608 3880 1699 3950 omni

278 4025 385 4089 annuo
416 4010 493 4096 apto
525 4009 672 4096 tempore
704 3996 818 4074 subtus
849 4005 882 4072 et
913 4019 1011 4093 super
1035 3997 1117 4074 bene
1140 4000 1311 4096 diligenter
1333 4001 1481 4076 lavorare
1503 4009 1538 4074 et
1559 4002 1699 4073 esonlerc

278 4131 335 4204 seu'
359 4137 393 4199 at
416 4127 584 4201 meliorem
607 4127 731 4198 cultum
754 4125 929 4220 perducere
952 4124 1127 4200 debeamus
1149 4152 1224 4202 eom
1247 4127 1347 4203 robes
1369 4137 1497 4200 nostros
1518 4136 1552 4202 et
1566 4127 1701 4200 noncia-

281 4258 383 4332 turias
407 4269 441 4330 at
464 4259 553 4330 omni
576 4266 688 4328 nostro
711 4254 888 4350 exspendio
910 4253 992 4326 bene
1007 4265 1046 4328 ut
1061 4257 1215 4352 exepedit
1239 4257 1486 4330 Cancumminas
1500 4266 1534 4330 et
1549 4257 1629 4332 vites
1644 4257 1701 4330 ubi

279 4409 444 4462 nenessmn
467 4385 565 4460 iucrit
587 4384 678 4458 omni
701 4405 810 4456 annuo
833 4405 894 4456 nos
918 4391 952 4458 et
974 4382 1108 4458 heredes
1130 4385 1248 4458 nostris
1271 4385 1392 4456 ibidem
1415 4405 1535 4477 ponere
1556 4394 1590 4456 et
1604 4383 1702 4480 pian-

279 4521 347 4584 tare
380 4510 553 4584 debeamus
585 4506 696 4580 omnin
727 4515 762 4577 et
788 4506 824 4577 in
854 4506 1005 4580 omnibns
1036 4507 1198 4602 quidquid
1221 4505 1311 4578 omni
1334 4525 1442 4577 annuo
1465 4505 1512 4576 ibi
1534 4527 1701 4580 necessum

279 4637 378 4708 tuerit
401 4645 434 4710 et
456 4633 634 4728 indiguerit
655 4652 715 4704 nos
738 4639 772 4704 et
793 4631 928 4706 nectas
943 4631 1061 4704 nostris
1078 4631 1159 4702 iliud
1172 4655 1327 4726 peragere
1342 4631 1527 4706 debeamus.
1542 4643 1576 4706 et
1590 4634 1703 4730 qnod·

278 4782 420 4856 cumque
443 4758 533 4830 omni
557 4777 666 4826 annuo
696 4753 817 4826 ibidem
839 4755 918 4828 deus
942 4753 1064 4828 dederit
1088 4754 1123 4824 in
1154 4754 1302 4850 quolibet
1324 4755 1499 4830 seminatus
1523 4757 1704 4834 dividamus

277 4889 370 4964 illum
392 4889 476 4960 inter
501 4884 595 4958 nobis
617 4883 653 4956 in
675 4890 825 4980 quartem
847 4892 954 4979 parte
977 4904 1036 4958 nos
1060 4893 1170 4956 autem
1193 4891 1225 4956 et
1242 4893 1274 4956 et
1288 4881 1423 4960 heredes
1447 4885 1563 4962 nostris
1586 4883 1703 4960 eunde
