4876 6532
1400 637 1418 731 t
1441 645 1485 711 ’ἢ
1510 640 1527 732 )

775 808 843 882 neti
865 805 965 878 suncti
987 809 1020 876 et
1043 797 1235 875 venerabilis
1257 797 1357 870 vestri
1378 791 1574 867 monasterii.
1597 794 1630 861 et
1653 806 1696 860 ex
1718 784 1783 858 clio
1806 785 1905 858 lutere
1928 790 1962 855 et
1983 783 2024 857 de
2047 783 2111 858 elio
2134 808 2192 860 es-

775 933 843 1027 pite
866 943 952 1002 terra
972 929 1130 1000 heredum
1153 924 1317 1022 quondum
1339 919 1464 996 domini
1486 917 1599 1013 pictrdi
1623 913 1869 1010 cognominatus
1883 909 2079 982 mischinum
2096 913 2194 985 sicuti
2272 923 2277 928 ’

781 1060 866 1130 inter
888 1079 923 1129 se
946 1055 1098 1128 termines
1121 1051 1287 1123 finiuntur.
1310 1047 1360 1119 De
1383 1067 1450 1140 qne
1471 1043 1553 1115 nibil
1576 1040 1669 1113 nobis
1691 1061 1735 1113 ex
1756 1039 1841 1132 ipsus
1863 1046 2005 1132 quatuor
2030 1037 2141 1110 uncins
2160 1049 2193 1112 et

777 1181 884 1254 medie
906 1179 994 1250 intus
1017 1175 1195 1250 nominatos
1218 1169 1418 1244 coherenties
1451 1164 1605 1240 remansit
1628 1171 1684 1238 sut
1706 1161 1942 1235 reservavimus
1964 1183 2025 1232 nec
2049 1161 2084 1236 in
2107 1162 2191 1236 elie-
2325 1155 2331 1174 ¹

779 1329 855 1378 nem
889 1325 1059 1400 personam
1093 1297 1315 1371 commisimus
1345 1301 1559 1388 potestatemr
1588 1299 1621 1363 et
1643 1291 1687 1362 bu
1718 1297 1860 1361 nuncet
1883 1287 2032 1381 deinceps
2055 1313 2075 1359 u
2097 1288 2190 1360 nobis

779 1431 874 1502 vebis
896 1430 938 1500 sit
960 1424 1156 1499 venundatus
1179 1431 1212 1491 et
1233 1419 1363 1490 unditus
1385 1419 1421 1488 in
1443 1427 1549 1490 vestre
1572 1417 1773 1512 posterisque
1800 1415 1916 1489 vestris
1938 1415 2002 1488 sint
2032 1427 2189 1512 potestate

780 1574 911 1649 queque
934 1547 1051 1619 exinde
1075 1547 1179 1616 iecere
1213 1540 1407 1614 volueritis:
1433 1553 1466 1612 et
1489 1563 1596 1636 neque
1619 1565 1638 1610 a
1660 1539 1753 1611 nobis
1780 1539 1947 1612 nominato
1979 1541 2135 1634 stephano
2158 1551 2192 1614 et

779 1673 912 1748 iohanni
935 1669 1158 1740 distributores
1180 1689 1256 1738 eum
1278 1664 1443 1737 voluntate
1466 1663 1555 1758 pitrn
1577 1685 1684 1758 neque
1706 1687 1726 1734 u
1749 1663 1866 1736 nostris
1888 1662 2060 1738 heredibus
2084 1689 2192 1760 neque

781 1805 823 1874 sb
844 1799 1000 1873 heredum
1023 1795 1179 1869 nominati
1201 1795 1285 1889 petri
1307 1792 1397 1864 nullo
1420 1803 1565 1886 tempore
1586 1813 1766 1888 numquam
1789 1813 1848 1863 vos
1871 1795 2053 1864 nominatus
2079 1794 2192 1868 domi-

778 1951 840 2000 nus
862 1927 987 2020 sergius
1010 1924 1198 1996 venerabilis
1221 1924 1392 2016 igumenus
1415 1931 1472 1992 ent
1487 1920 1625 2014 posteris
1647 1919 1762 1990 vestris
1777 1941 1836 1991 nee
1858 1922 2042 1992 nominatus
2065 1931 2192 1992 senetns

779 2067 812 2128 et
834 2053 1024 2128 venerabilis
1039 2053 1145 2125 bester
1157 2050 1369 2122 monasterius
1384 2051 1472 2144 quod
1488 2049 1570 2120 obsit
1584 2048 1704 2120 abestis
1720 2047 1836 2122 exinde
1852 2047 2025 2143 aliqnando
2039 2071 2192 2143 quecum-

779 2203 844 2276 qne
860 2177 1101 2273 requisitionem
1126 2186 1183 2246 eut
1204 2175 1351 2248 molestie
1373 2197 1432 2268 per
1454 2173 1581 2244 nullum
1597 2173 1738 2246 modum
1760 2195 1820 2245 nec
1841 2194 1900 2267 per
1922 2155 2100 2244 summissis
2116 2197 2193 2268 per·

779 2301 866 2374 sonis
881 2299 925 2372 bn
948 2308 1080 2372 nuncet
1094 2299 1129 2368 in
1152 2297 1314 2392 perpetuis
1336 2296 1543 2390 temporibus.
1558 2319 1619 2390 pro
1642 2320 1682 2370 eo
1705 2298 1794 2390 quod
1811 2296 1996 2390 impresenti
2011 2298 2190 2390 occepimus

779 2425 915 2498 avobis
938 2423 1054 2496 exinde
1086 2421 1168 2493 idest
1190 2422 1263 2492 euri
1286 2419 1347 2488 turi
1370 2441 1429 2490 sex
1461 2440 1544 2513 quos
1567 2439 1697 2512 presens
1719 2418 1859 2512 presenti
1890 2420 2111 2491 distribuimus
2134 2445 2195 2515 pro

780 2552 888 2624 enimc
910 2549 1066 2622 nominati
1089 2545 1173 2643 petri
1197 2546 1292 2618 sicuti
1313 2544 1381 2638 ipse
1404 2541 1559 2637 disposuit
1582 2541 1617 2612 in
1639 2563 1769 2634 omnem
1794 2542 1953 2614 decisione
1981 2565 2040 2616 seu
2063 2546 2194 2619 delibe-

780 2679 954 2752 neonem.
979 2679 1103 2752 interes
1125 2697 1188 2770 ego
1211 2673 1374 2746 nominate
1396 2670 1484 2765 pitrn
1506 2666 1661 2764 promitto
1683 2669 1777 2742 vobis
1807 2679 1939 2764 propter
1961 2693 2027 2744 une
2050 2673 2196 2747 ebertuie

780 2801 994 2874 concessionis
1016 2821 1115 2895 quum
1137 2797 1262 2870 nomini
1284 2817 1358 2867 meo
1380 2803 1414 2866 et
1428 2792 1586 2864 nominati
1607 2790 1672 2866 viri
1694 2792 1760 2864 mei
1776 2793 2015 2887 appreensimns
2030 2797 2194 2890 equidem

781 2924 914 2995 domino
937 2922 1070 2994 iobnrmi
1093 2921 1216 2993 domini
1238 2921 1341 3015 gretie
1370 2916 1638 2996 eminentissimus
1664 2914 1777 2988 oonsul
1799 2926 1833 2990 et
1855 2917 1925 2990 dux
1948 2920 1989 2991 de
2011 2919 2189 2995 hereditate

781 3067 839 3116 sen
862 3043 1037 3120 substantie
1055 3043 1212 3120 nominati
1235 3041 1382 3116 onustesii
1404 3041 1532 3136 cognnti
1555 3039 1620 3112 mei
1642 3047 1681 3112 nt
1703 3039 1899 3142 quandoque
1913 3041 2007 3113 vobis
2030 3045 2193 3140 posteris-

780 3187 855 3263 que·
868 3167 983 3240 vestris
1005 3189 1134 3242 necessu
1155 3170 1255 3244 tuerit
1278 3177 1357 3250 tnnc
1379 3191 1442 3264 ego
1463 3177 1498 3240 et
1525 3167 1659 3242 buedcs
1681 3169 1762 3240 meis
1785 3167 1880 3240 vobis
1909 3169 2110 3267 posterisque
2132 3195 2195 3246 ve·
2351 3233 2356 3246 .

780 3289 854 3366 stris
876 3289 932 3362 ille
954 3289 1143 3363 hostendere
1167 3301 1201 3364 et
1222 3301 1400 3365 monuere
1423 3291 1595 3365 dcbeumns
1617 3293 1659 3365 ed
1675 3291 1885 3386 relegendum
1907 3293 1964 3364 ubi
1979 3293 2072 3366 vobis
2087 3317 2195 3370 neces-

780 3437 853 3488 sum
876 3417 976 3490 iuerit
998 3417 1119 3512 ubsque
1141 3418 1232 3491 omni
1253 3431 1361 3493 vestre
1384 3419 1611 3492 emericstioue
1632 3420 1720 3492 nulls
1744 3421 1837 3494 vobis
1860 3423 2020 3496 mittentes
2045 3425 2191 3498 bocenn-

780 3543 924 3614 nionem:
938 3541 1024 3626 Qnie
1035 3541 1081 3616 ite
1095 3542 1179 3620 inter
1193 3543 1286 3616 nobis
1300 3543 1479 3618 combenit:
1497 3541 1531 3614 Si
1543 3553 1650 3616 unum
1661 3565 1720 3615 nos
1734 3553 1789 3614 ent
1801 3543 1932 3616 heredes
1945 3546 2062 3622 nostris
2075 3549 2194 3644 quovis

779 3677 928 3764 tempore
943 3678 1055 3740 oonbu
1065 3669 1149 3744 benc
1164 3669 1343 3742 chartulam
1358 3670 1551 3744 venditionis
1566 3679 1605 3740 ut
1618 3691 1715 3764 super
1728 3669 1847 3764 legitur
1862 3671 1971 3744 venire
1987 3695 2194 3768 presumpse-

779 3793 881 3866 rimus
904 3817 963 3888 per
984 3794 1102 3888 quovis
1124 3785 1258 3866 modnm
1280 3801 1338 3866 ent
1359 3794 1537 3866 summissis
1564 3793 1719 3888 personis.
1748 3803 1826 3864 tune
1853 3795 2075 3888 'componimus
2099 3798 2193 3871 vobis

780 3915 980 4008 posterisque
1003 3914 1117 3988 vestris
1139 3916 1370 4010 nominetoque
1391 3926 1501 3988 saneto
1524 3926 1557 3987 et
1579 3915 1755 3988 venerabili
1779 3925 1887 3988 vestro
1901 3920 2096 4002 monasterio
2119 3923 2191 3994 euri

782 4041 899 4112 solides
913 4039 1082 4122 duodecim
1096 4039 1299 4134 bytbienteos
1314 4051 1348 4112 et
1363 4040 1423 4112 bec
1436 4041 1581 4126 chartule
1597 4042 1736 4144 qualiter
1750 4043 1892 4115 continet
1908 4047 1950 4116 sit
1966 4048 2059 4119 iirmn
2071 4051 2194 4145 iwer-

780 4177 928 4260 petnum:
948 4167 1066 4260 scripte
1077 4189 1135 4260 per
1146 4189 1260 4239 munus
1274 4167 1423 4239 iobennis
1435 4167 1563 4241 curialis
1577 4191 1638 4262 pro
1650 4169 1823 4244 indictione
1839 4173 2003 4246 nominate
2015 4178 2192 4274 secunde†

875 4293 939 4370 boc
960 4292 1090 4388 signnm
1112 4289 1144 4386 †
1165 4315 1280 4366 menne
1302 4292 1462 4364 nominati
1483 4293 1616 4365 iobenni
1638 4295 1854 4372 distributore.
1877 4300 2005 4394 signnm
2028 4301 2060 4395 †
2081 4324 2195 4374 munus

782 4420 946 4492 nominate
971 4421 1058 4516 pitru
1081 4419 1214 4492 honeste
1236 4419 1356 4495 semine
1378 4421 1468 4515 quod
1491 4443 1553 4515 eqo
1575 4421 1634 4517 qni
1665 4423 1846 4496 nominatos
1868 4447 1929 4520 pro
1952 4427 1999 4499 eis
2021 4427 2194 4524 subscripsi

783 4553 816 4615 et
838 4545 995 4618 nummati
1017 4545 1079 4622 tui
1102 4547 1264 4620 confessus
1285 4545 1465 4640 percepisse
1487 4545 1518 4642 †

874 4664 907 4759 †
929 4675 1017 4742 uro
1040 4677 1292 4746 opposuere
1314 4641 1429 4744 oo'r'r's'
1447 4670 1479 4765 †

787 4781 904 4912 μὴ
927 4794 1015 4858 nro
1039 4796 1325 4870 suberectum
1319 4801 1522 4912 „menore
1504 4766 1607 4916 ..u-'ft
1629 4802 1890 4913 mononem
1918 4811 2143 4876 rorrrorc
2166 4812 2196 4874 s

781 4915 907 4996 OETAC
922 4915 1147 5002 truncoque
1159 4919 1282 5000 tucn
1295 4925 1405 4998 coru
1428 4923 1487 4996 su
1510 4927 1600 4996 cour
1623 4927 1722 4996 cerr
1745 4931 1840 5008 reon
1867 4925 2195 5020 rrurrnrnoenp
