4954 6532
380 1164 620 1263 †1n·uomins
642 1163 770 1242 domini
792 1166 844 1242 dei
866 1166 1032 1244 sdvstotis
1054 1170 1171 1246 nostris
1194 1169 1288 1246 ibesu
1309 1171 1422 1244 christi
1444 1175 1622 1270 impetente
1637 1179 1703 1254 do-
1778 1207 1831 1259 sn.

288 1295 375 1372 mino
398 1303 509 1368 nostru
541 1291 752 1373 Commodius)
774 1317 894 1391 magno
927 1295 1121 1392 imperatore
1146 1319 1247 1370 runos
1270 1298 1483 1393 quedaginu
1505 1304 1562 1376 sed
1584 1313 1619 1378 et
1640 1329 1702 1380 ro-
1753 1317 1839 1384 94⁸.

285 1445 382 1495 muno
413 1421 483 1494 eus
516 1421 585 1498 uu
609 1446 699 1498 mo
722 1422 819 1498 eruo
842 1423 896 1498 m
918 1422 1069 1500 vestm·
1089 1404 1212 1502 'meus
1235 1426 1389 1502 uuum
1411 1427 1586 1504 emnem
1610 1443 1701 1506 sexu

285 1547 433 1642 respub:
468 1547 601 1623 Certum
633 1553 682 1620 st
713 1567 769 1624 me
799 1569 882 1620 sunt
915 1547 982 1624 fita
1012 1549 1314 1647 quidemstepbrni
1335 1552 1599 1646 priruioeriinnn
1622 1579 1699 1630 cum

287 1677 451 1746 sdunute
485 1673 626 1768 presenti
660 1673 790 1748 domine
823 1673 925 1748 morie
956 1677 1117 1771 genetrice
1146 1701 1219 1752 mer
1241 1686 1276 1750 et
1297 1701 1373 1750 eum
1395 1701 1552 1754 mmensu
1575 1685 1699 1761 domini

284 1797 379 1894 sergii
414 1797 479 1871 biri
506 1798 597 1870 mei:
631 1802 663 1872 Α
690 1800 831 1894 presenti
854 1800 906 1871 die
927 1802 1144 1894 promtissima
1165 1803 1332 1876 vetusne
1355 1806 1546 1880 venundedi
1569 1815 1603 1878 et
1624 1815 1698 1878 trs-

281 1925 353 1998 didi
383 1925 477 1998 uobis
498 1923 656 2017 stepbsno
678 1932 712 1997 et
735 1934 817 1998 mun
838 1925 981 2020 iugules:
1006 1929 1093 2002 idest
1114 1929 1239 2022 integn
1260 1952 1326 2000 nme
1348 1932 1433 2024 petis
1456 1933 1496 2003 de
1519 1939 1605 2002 term
1626 1955 1699 2005 mes

278 2069 346 2144 que
369 2057 507 2120 voestm
529 2059 563 2118 st
586 2069 703 2143 osmpu
725 2049 765 2122 ds
784 2049 870 2122 luris
892 2049 1175 2144 pontum-tertis:
1201 2053 1273 2124 Uun
1295 2075 1372 2124 cunr
1395 2051 1563 2125 nrbuuibus
1585 2061 1619 2125 et
1640 2052 1698 2126 iu-

278 2169 532 2242 troitmnsuum
563 2169 778 2266 omnibmme
811 2169 873 2244 sibi
895 2173 1149 2266 pertinentibus:
1182 2175 1296 2269 quiet
1319 2173 1450 2248 ruberet
1483 2174 1698 2250 sibideuno

282 2293 384 2388 espite
407 2300 493 2364 terre
515 2293 704 2368 monosterii
726 2295 1014 2370 sinetisebsstisni
1030 2300 1120 2368 etde
1138 2319 1205 2366 uuo
1219 2297 1319 2366 tatere
1334 2306 1420 2368 terre
1435 2298 1561 2372 tensis
1571 2299 1699 2374 eomit'n

257 2425 314 2490 'et
341 2417 381 2490 de
409 2416 474 2488 dio
495 2415 601 2509 eapite
633 2417 687 2488 via
709 2416 850 2510 publicu.
878 2428 912 2486 et
936 2419 977 2488 de
1000 2417 1066 2486 etio
1088 2416 1189 2488 utere
1211 2425 1297 2490 terra
1320 2418 1419 2512 sergii
1441 2422 1579 2493 mestsii.
1605 2425 1698 2498 Unde

280 2541 358 2614 nibil
371 2541 453 2616 mibi
466 2541 620 2616 remansit
635 2551 692 2616 eut
706 2541 878 2616 reserbsbi.
893 2564 954 2616 ner
970 2542 1005 2616 in
1019 2541 1122 2616 diens
1137 2563 1284 2636 persons.
1302 2545 1462 2618 summisit
1474 2555 1639 2639 potestste.
1664 2559 1697 2623 et

280 2673 359 2744 infra
382 2673 558 2746 nuudnstm
581 2671 781 2746 eobersntim
803 2673 839 2742 in
860 2671 967 2744 medis
989 2670 1123 2744 hesed
1141 2673 1399 2746 tmrnnomimti
1422 2675 1696 2769 sergiireltnutr

280 2817 366 2870 nune
388 2807 423 2868 et
443 2795 592 2889 deineeps
616 2794 682 2866 ism
704 2795 789 2870 diets
812 2795 898 2889 petis
911 2797 1127 2870 denominate
1150 2808 1316 2892 temque
1329 2807 1511 2872 vomunt
1524 2818 1641 2896 ermpu
1655 2802 1696 2874 de

277 2923 363 2996 tucia
386 2924 489 3018 posite
512 2931 545 2992 nt
567 2922 697 2996 tertium
729 2945 794 2995 une
818 2945 895 2994 cum
919 2925 1088 2996 arboribus
1104 2935 1145 3000 *et
1168 2925 1338 2996 introitum
1359 2947 1457 2998 suum
1480 2927 1696 3022 omnibusque

277 3047 337 3118 sibi
360 3046 592 3140 pertinentibus
616 3051 702 3124 unde
724 3047 807 3122 nihil
829 3048 913 3120 mibi
935 3048 1090 3122 remmsit
1111 3047 1195 3120 sieut
1216 3048 1364 3143 ruperim
1387 3049 1507 3143 legitur
1529 3049 1565 3119 in
1588 3059 1695 3122 vestre

276 3168 446 3242 matesis
469 3170 604 3265 iugules.
639 3172 818 3267 vestrisque
840 3170 1014 3246 heredibus
1034 3171 1076 3244 m't
1098 3181 1254 3266 potestate
1269 3173 1429 3268 quidquid
1451 3173 1567 3246 exinde
1587 3175 1694 3247 fucere

277 3295 465 3368 botueritis:
503 3306 536 3368 et
557 3323 665 3395 neque
697 3300 833 3374 euobis
863 3301 1030 3374 nominate
1053 3313 1135 3370 r'nns
1157 3321 1223 3372 nnn
1246 3323 1321 3372 cum
1345 3299 1509 3374 voluntate
1531 3301 1695 3374 nominate

274 3423 430 3516 geuitrioe
463 3423 583 3497 etuim'
613 3424 679 3500 mei
710 3449 817 3522 nsque
851 3423 1696 3518 smeisberedibusneesnobispetsonissum·

274 3545 380 3620 missis
401 3549 491 3622 nullo
514 3557 659 3646 tempore
681 3573 849 3646 nunquam
871 3573 930 3624 vos
955 3551 1122 3624 nominato
1144 3549 1317 3643 stepbnnns
1333 3557 1367 3622 et
1381 3571 1465 3621 sune
1479 3548 1620 3640 iugules:
1639 3559 1695 3621 eut

274 3673 409 3750 heredes
441 3675 557 3752 vestris
584 3677 729 3752 bebentis
764 3676 881 3750 exinde
904 3699 1111 3770 quocumque
1137 3675 1354 3768 requeoitions
1384 3681 1441 3742 sut
1466 3672 1613 3745 molodia
1636 3697 1695 3771 per

276 3801 403 3892 nullm
435 3774 570 3872 modum
592 3801 628 3870 in
650 3817 870 3894 perpetuum:
896 3797 1028 3892 insuper
1051 3798 1140 3868 omni
1163 3809 1307 3891 tempore
1329 3819 1391 3890 ego
1414 3807 1447 3870 et
1468 3799 1601 3872 heredes
1624 3803 1691 3882 mei

280 3925 372 3996 robis
402 3923 582 4016 vestrisque
614 3923 789 3994 beredffius
824 3921 940 3992 exinde
971 3921 1014 3990 ab
1036 3921 1125 3994 omni
1156 3920 1289 3992 bomine
1322 3920 1477 4015 omnique
1500 3943 1635 4016 persons
1658 3924 1695 3998 in

278 4049 427 4124 omnibus
462 4059 617 4120 antestare
652 4057 685 4120 et
708 4051 871 4121 defensare
906 4047 1087 4120 debeamus·
1100 4071 1162 4142 pro
1189 4069 1230 4118 eo
1252 4047 1341 4141 quod
1363 4048 1398 4118 in
1419 4052 1560 4142 presenti
1585 4053 1694 4146 nooepi

280 4175 413 4250 euobis
445 4175 529 4250 idest
563 4175 636 4248 euri
669 4175 788 4247 solidos
821 4172 965 4268 quinque
988 4173 1188 4266 bytienteos:
1215 4183 1252 4244 ut
1275 4174 1359 4244 inter
1381 4173 1475 4246 nobis
1498 4177 1690 4249 domuerit:

277 4302 414 4400 quodsi
437 4303 713 4398 qnotiexcumque
736 4309 882 4395 tempore
905 4324 967 4394 ego
990 4301 1043 4372 vel
1065 4297 1199 4372 heredes
1222 4302 1288 4370 mei
1311 4307 1423 4370 eontra
1446 4298 1529 4369 bunc
1552 4299 1691 4374 ebertu-

275 4429 339 4502 lnm
360 4429 553 4503 venditionis
576 4439 615 4500 ut
636 4453 732 4524 super
753 4429 872 4522 legitur
904 4427 1015 4501 venire
1050 4427 1323 4521 presumxerimus
1345 4447 1407 4520 per
1435 4425 1579 4521 quolibet
1611 4449 1688 4498 mo-

273 4555 351 4628 dum
374 4563 430 4627 aut
451 4556 593 4627 sumissis
615 4553 760 4650 personis
782 4563 860 4652 tunp
882 4551 1104 4644 componimus
1127 4551 1218 4623 vobis
1240 4551 1405 4644 morisque
1426 4551 1598 4623 heredibus
1610 4552 1681 4623 euri

274 4677 393 4754 solidos
426 4677 593 4751 duodecim
627 4677 825 4772 bytienteos:
862 4685 895 4748 et
917 4675 978 4747 bec
1013 4675 1157 4745 chartule
1179 4685 1217 4746 ut
1247 4697 1344 4770 super
1375 4675 1494 4770 legitur
1525 4677 1566 4746 sit
1589 4677 1682 4747 firma

274 4806 390 4899 scriptu
424 4827 556 4900 quoque
591 4829 650 4900 per
684 4825 798 4875 manus
820 4803 968 4874 anastasii
996 4803 1113 4872 notarii
1137 4799 1275 4874 scribere
1309 4811 1441 4896 rogetus
1465 4802 1517 4874 die
1541 4811 1573 4872 et
1595 4803 1688 4874 indi-

275 4927 380 5002 ctione
415 4929 581 5003 nominata
616 4935 728 5002 sexte:
765 4927 828 4999 boe
862 4925 991 5023 signum
1019 4923 1186 5019 †msnus
1208 4925 1372 5000 nominate
1408 4949 1491 5000 nune
1526 4951 1591 5000 uun
1614 4949 1690 4999 eum
