4954 6532
1448 603 1465 694 (
1491 613 1510 672 ²
1537 605 1553 696 )

793 765 872 837 stum
895 760 1036 857 positum
1059 757 1094 831 in
1115 757 1282 830 nominato
1304 757 1378 829 loeo
1412 759 1604 854 cssepesesti
1628 783 1637 832 ε
1663 783 1720 836 seu
1749 771 1781 836 et
1805 761 1874 858 ipss
1905 766 2032 862 integre
2063 771 2150 866 petis
2172 773 2215 848 de

795 897 879 957 terrs
902 909 975 956 mes
998 907 1063 978 qne
1086 891 1222 954 vocetur
1244 889 1416 974 paternum
1437 885 1527 977 quod
1550 893 1598 957 est
1620 889 1661 959 sd
1684 909 1834 960 mensura
1857 911 2049 984 perpessos
2083 897 2214 970 modios

655 1015 661 1026 '
794 1013 940 1107 quinque
962 1013 1004 1083 sd
1027 1031 1156 1104 possum
1178 1011 1321 1082 terreum
1343 1017 1451 1082 semote
1473 1011 1674 1105 nespolitsne
1703 1009 1836 1084 ecclesie
1870 1027 2103 1092 mensuratum.
2128 1023 2214 1094 insi-

794 1143 864 1214 mul
888 1163 963 1214 eum
1003 1141 1150 1214 introites
1186 1161 1300 1214 esrum
1323 1149 1356 1212 et
1378 1137 1529 1212 omnihus
1552 1139 1598 1211 eis
1621 1139 1867 1234 pertinentibus.
1892 1142 1979 1216 unde
2013 1145 2096 1217 nihil
2130 1148 2212 1222 mitri

795 1271 912 1342 exinde
936 1269 1088 1340 remansit
1110 1275 1167 1340 sut
1188 1267 1351 1340 reservavi
1374 1267 1457 1338 sieut
1479 1265 1626 1360 superins
1648 1264 1767 1360 tegitur
1790 1292 1809 1338 a
1833 1289 1887 1341 me
1910 1269 2004 1344 robis
2027 1273 2213 1346 venumde-

796 1401 867 1462 tum
890 1401 923 1462 et
946 1391 1101 1463 traditum
1123 1391 1158 1461 in
1181 1399 1288 1464 vestre
1309 1389 1511 1486 posterisque
1533 1389 1649 1462 uestris
1670 1389 1836 1463 nominato
1865 1402 1976 1466 ssneto
2006 1405 2115 1468 uestro
2138 1419 2213 1470 mo·

797 1518 936 1589 nestorio
958 1520 1023 1588 sint
1045 1527 1199 1612 potestate
1229 1518 1368 1614 qualiter
1402 1518 1519 1612 exinde
1552 1519 1657 1590 isoere
1692 1517 1887 1592 volueritis:
1921 1530 1955 1592 et
1981 1543 2089 1618 neque
2112 1549 2131 1593 s
2154 1545 2208 1596 me

797 1643 962 1716 nominato
985 1641 1126 1715 lohsnne
1149 1665 1255 1739 neque
1278 1667 1298 1714 s
1320 1645 1401 1716 meis
1423 1643 1595 1718 heredibus
1618 1643 1672 1718 vel
1693 1671 1713 1718 s
1735 1644 1828 1718 nobis
1851 1667 2003 1741 personm
2026 1648 2235 1722 summissus-

797 1769 887 1842 nnllo
909 1778 1054 1862 tempore
1077 1767 1193 1842 exinde
1216 1768 1359 1842 hsbestis
1382 1793 1587 1865 quocumque
1618 1771 1867 1864 requesitionem
1900 1779 1957 1842 sut
1975 1773 2121 1846 molestis
2155 1781 2211 1844 ten

798 1908 857 1960 vos
880 1891 939 1982 qui
961 1909 1061 1984 supro
1081 1889 1218 1962 tonino
1245 1899 1337 1986 peso
1369 1891 1545 1964 ementiti
1578 1891 1659 1963 sbb's
1686 1891 1843 1986 probior
1876 1915 2042 1986 quemque
2074 1894 2212 1985 posteris

796 2013 911 2084 vestris
933 2028 995 2082 neo
1015 2011 1198 2090 nominstm
1221 2023 1347 2086 renerus
1380 2023 1488 2088 vester
1514 2012 1728 2084 monasterius
1762 2009 1997 2084 musmonem
2026 2021 2211 2090 seruorum

794 2161 852 2234 per
876 2135 1001 2208 nullum
1023 2135 1159 2206 mosum
1181 2135 1216 2204 in
1239 2145 1461 2232 perpetuumr
1487 2137 1622 2228 Insuper
1645 2141 1679 2208 st
1701 2131 1742 2204 sb
1765 2133 1854 2206 omni
1888 2133 2021 2208 nomine
2054 2136 2210 2232 omnique

795 2279 946 2354 personss
967 2281 987 2328 e
1009 2255 1154 2350 portibus
1176 2253 1292 2329 militie
1316 2264 1349 2324 et
1363 2280 1381 2326 s
1395 2255 1543 2348 portibus
1564 2256 1842 2350 longobardorum
1865 2255 1955 2326 omni
1978 2263 2122 2351 tempore
2145 2282 2209 2354 eqo

794 2393 827 2456 et
848 2379 1021 2454 heredibus
1056 2377 1137 2452 meis
1160 2375 1251 2450 vobis
1286 2377 1487 2474 posterisque
1523 2378 1638 2454 uostris
1669 2379 1786 2454 exinde
1809 2379 1844 2452 in
1865 2377 2014 2451 omnibus
2049 2390 2206 2454 sntsstsre

794 2518 828 2584 et
849 2508 1014 2580 Menoe
1036 2504 1236 2582 debetorum
1273 2513 1472 2581 monstrante
1494 2527 1554 2608 vos
1576 2515 1609 2578 et
1633 2507 1767 2600 posteris
1807 2504 1920 2580 uernis
1944 2505 2026 2578 milri
2044 2506 2209 2601 meisque

792 2629 967 2704 norton
988 2628 1166 2704 nominstss
1189 2628 1350 2704 moun
1380 2653 1478 2726 quesn
1501 2630 1594 2702 robis
1617 2631 1691 2704 dedi
1713 2631 1756 2704 sd
1778 2629 1985 2725 relegendum
2008 2630 2209 2726 ubicumque

793 2754 1036 2830 misnenses
1059 2755 1156 2828 tuerit
1178 2762 1211 2825 et
1233 2754 1280 2828 sie
1303 2753 1396 2826 uobis
1418 2755 1618 2850 posterisque
1652 2753 1767 2830 smum
1789 2756 1870 2830 iliud
1904 2763 2060 2828 sntestsre
2083 2763 2117 2829 et
2140 2754 2207 2831 de-

791 2879 917 2951 omne
950 2875 1152 2952 tonnus
1185 2884 1316 2970 propter
1336 2877 1426 2970 qnod
1449 2877 1558 2972 seeepi
1581 2877 1716 2952 euobis
1739 2879 1857 2952 exindo
1880 2878 1915 2950 in
1938 2877 2093 2971 presentis
2122 2875 2204 2952 idest

793 3003 866 3079 ausi
887 3001 1007 3080 solidos
1036 3013 1162 3098 septem
1195 3003 1374 3099 bysanteos
1406 3012 1440 3078 et
1463 3014 1531 3082 tsro
1564 3027 1667 3076 unum
1698 3013 1736 3078 ut
1764 3005 1848 3078 inter
1881 3005 1974 3078 nobis
2007 3004 2204 3078 eonvenite

792 3139 830 3210 Si
862 3144 971 3210 serm
1003 3156 1065 3234 ogo
1088 3143 1144 3208 sut
1165 3133 1338 3208 herodibus
1364 3134 1447 3208 meis
1476 3144 1588 3206 eontm
1616 3133 1701 3206 hsno
1728 3131 1908 3204 ohsrtulsm
1937 3129 2132 3206 venditionis
2163 3136 2202 3200 ut

793 3284 890 3362 super
923 3265 1041 3362 iegitur
1069 3263 1180 3338 uenire
1213 3261 1503 3359 presnnspssrimns
1538 3261 1592 3335 vel
1624 3261 1653 3332 si
1683 3259 1818 3334 minime
1840 3257 2123 3352 sffimpiererimus
2144 3253 2206 3328 heo

793 3393 943 3466 omnibns
959 3390 1134 3464 semiustis
1157 3411 1216 3484 per
1238 3387 1356 3484 quovis
1378 3389 1514 3462 modum
1537 3395 1595 3459 sut
1617 3385 1795 3458 summissis
1830 3382 1977 3478 personis
2006 3392 2085 3454 uino
2107 3401 2206 3456 oom-

792 3517 941 3608 ponimus
961 3516 1056 3588 uobis
1077 3515 1278 3610 posterisque
1305 3513 1420 3587 vetris
1452 3511 1525 3583 suri
1553 3509 1674 3584 solidos
1704 3508 1821 3603 uiginti
1855 3507 2063 3604 bytisnteosr
2089 3513 2123 3578 et
2145 3501 2209 3576 nee

794 3637 937 3708 ohsrtuls
971 3637 1165 3708 venditionis
1196 3646 1235 3710 nt
1268 3657 1366 3730 super
1397 3633 1517 3728 legitur
1549 3633 1592 3706 sit
1620 3633 1776 3706 mmm:
1811 3631 1962 3727 seriptum
1991 3649 2051 3725 pst
2072 3644 2206 3706 mim

794 3759 941 3834 mortosii
963 3757 1093 3832 ennete
1115 3782 1174 3849 per
1196 3759 1361 3832 nominsts
1384 3765 1475 3830 texts
1497 3756 1673 3830 indictione

886 3883 917 3979 †
940 3885 1012 3977 Ego
1036 3881 1191 3954 inmunes
1213 3877 1372 3970 subcripsi
1394 3876 1426 3970 †

887 4007 1013 4098 †liqo
1035 4003 1189 4076 musone
1219 4001 1357 4094 scriptor
1390 4005 1521 4094 mqstrss
1544 4021 1563 4068 s
1586 3995 1752 4072 nominee
1774 3995 1914 4072 totumne
1937 3994 2011 4070 terti
2032 3993 2207 4091 subcripsi

794 4139 827 4204 st
848 4130 1051 4204 nominstrun
1073 4129 1214 4224 pretium
1237 4129 1364 4202 usius
1386 4123 1522 4220 nidit†
1576 4149 1582 4164 ·

886 4247 1678 4348 †Egopetruseurisiismqstussnornissto
1712 4243 2144 4340 iohsnnetestisubsoripsi
2170 4254 2203 4318 et

796 4381 997 4458 mmmmm
1018 4381 1159 4476 pretium
1181 4381 1307 4454 tredere
1329 4378 1398 4452 titi
1420 4376 1452 4472 †
1527 4447 1530 4452 .

889 4505 1013 4604 †Ego
1035 4499 2110 4598 iohsnnssiiimdominilsooisroqstssssuprssoiptoieissnoe
2133 4497 2207 4572 testi

798 4631 970 4729 nosipsi
993 4643 1027 4710 et
1048 4635 1296 4731 suprssm'iptnm
1318 4633 1460 4729 pretinm
1481 4631 1607 4704 ostes
1630 4629 1699 4704 iridi
1721 4627 1753 4724 †

890 4755 1360 4857 sseosnetnimeniuis
1394 4753 1656 4851 qntnonnstos
1682 4761 1755 4848 post
1784 4751 2205 4849 miseriptioeentestium

796 4875 1790 4982 Conplerietshsolvipernominstsssxtsindietione†
