4854 6528
889 902 1058 974 CXXXIV.

863 1153 989 1228 Christo
1013 1154 1096 1228 lave.

345 1411 376 1506 †
401 1411 439 1480 ln
461 1407 593 1480 nomino
616 1406 741 1482 domini
765 1408 819 1480 dai
840 1407 1009 1481 saluatoris
1030 1410 1134 1482 nostri
1155 1409 1253 1499 lhesu
1276 1409 1399 1485 Christi
1412 1415 1592 1511 Imperants
1606 1421 1671 1492 do..

251 1539 342 1612 mino
365 1547 477 1612 nostro
500 1537 616 1608 basilio
639 1560 759 1632 magno
783 1540 981 1632 Imperatore
1016 1562 1100 1611 anno
1130 1541 1256 1612 decimo
1284 1544 1340 1614 sed
1375 1551 1408 1614 et
1434 1545 1616 1639 nicipborio
1639 1557 1673 1621 et
1724 1583 1811 1650 970.

249 1667 451 1740 constantino
475 1666 599 1760 magnis
622 1665 868 1760 imperatoribus
890 1689 975 1738 anno
997 1668 1135 1762 septimo
1157 1669 1222 1740 die.
1238 1670 1374 1764 septima
1392 1673 1511 1744 mensis
1534 1677 1672 1749 ianuarii

250 1795 425 1868 indictione
447 1793 542 1866 tertia
566 1793 689 1866 decima
703 1795 851 1890 neapoli:
877 1795 1012 1870 Certum
1035 1806 1084 1868 est
1098 1821 1151 1869 ma
1165 1795 1339 1891 stephanus
1355 1800 1465 1872 nmilia
1482 1801 1576 1874 abbas
1592 1829 1671 1877 mo-

249 1919 381 1990 nasterii
404 1917 505 1988 sandi
528 1917 633 2012 angeli
657 1929 691 1990 at
713 1921 956 1993 terrentianum.
979 1921 1051 1991 Una
1075 1931 1258 1994 cumcuma
1283 1925 1529 2017 congregah'one
1553 1951 1671 2000 mona-

249 2041 390 2116 chorum
414 2053 601 2117 nostrorum
624 2045 782 2118 nominati
806 2047 906 2117 saneti
930 2053 963 2116 et
985 2047 1176 2119 venerabilis
1199 2049 1302 2120 nostri
1326 2053 1520 2124 monasterii.
1543 2055 1671 2148 Apre-

248 2171 333 2242 senti
357 2172 411 2244 dio
433 2171 649 2266 promtissima
680 2173 859 2248 voluntate.
895 2169 1158 2246 Venundedimus
1183 2184 1216 2247 et
1238 2176 1430 2252 tradidimus
1453 2179 1513 2250 tibi
1537 2182 1671 2254 domino

248 2295 382 2370 iohanni
406 2295 580 2370 venerabili
604 2296 802 2392 presbytero.
826 2307 938 2372 custus
961 2299 1094 2373 ecclesie
1116 2300 1215 2372 saneti
1224 2351 1540 2377 ..............
1570 2305 1669 2380 leoni:

248 2425 346 2498 lDest
370 2426 480 2496 inolita
504 2447 569 2496 una
592 2426 680 2517 petia
705 2427 744 2496 de
767 2433 853 2495 terra
876 2427 958 2498 iuris
980 2432 1152 2502 memorati
1173 2433 1275 2504 sancti
1301 2442 1334 2504 et
1356 2435 1547 2506 venerabilis
1569 2437 1671 2508 nostri

249 2551 441 2624 monasterii
465 2551 523 2645 qui
546 2558 682 2623 uocatur
707 2560 741 2624 at
763 2549 851 2627 muri
874 2552 964 2622 eintu
987 2553 1129 2646 positum
1151 2557 1187 2626 in
1209 2559 1283 2630 loco
1298 2563 1355 2657 qui
1379 2572 1513 2636 uooatur
1533 2587 1673 2658 orsapa-

250 2700 336 2771 gana
372 2677 408 2746 in
431 2675 509 2747 loris
531 2676 636 2771 gripta
659 2698 737 2748 eum
760 2675 929 2750 erroribus
952 2683 986 2748 et
1008 2680 1178 2752 introitum
1192 2705 1289 2754 suum
1303 2695 1336 2756 et
1350 2689 1499 2760 omnibus
1522 2689 1569 2760 eis
1592 2711 1674 2783 per-

249 2804 440 2877 tinentibus.
475 2804 535 2900 qui
570 2805 702 2878 cubaret
734 2805 797 2878 sivi
819 2806 861 2878 de
884 2830 952 2878 uno
974 2809 1073 2881 latere
1095 2820 1181 2883 terra
1203 2813 1337 2887 heredes
1359 2819 1525 2911 quondam
1548 2817 1673 2890 domini

249 2931 377 3004 domini
395 2933 478 3026 petri
503 2931 653 3005 monaehi
686 2931 868 3007 brancactii
901 2945 934 3008 et
961 2935 1002 3009 de
1026 2937 1089 3008 alio
1116 2935 1216 3010 latera
1239 2947 1326 3010 tewa
1349 2943 1485 3014 heredes
1508 2944 1674 3037 quondam

250 3059 352 3153 sergii
376 3056 551 3130 metellani.
577 3067 610 3130 et
623 3060 663 3131 de
678 3082 746 3130 uno
760 3061 864 3156 eapite
879 3069 964 3133 terra
979 3063 1101 3134 domini
1125 3062 1271 3158 stephani
1294 3066 1477 3137 malaeobae
1492 3077 1525 3140 et
1548 3069 1588 3140 de
1612 3068 1676 3139 alio

250 3186 358 3281 eapite
391 3185 446 3256 uia
477 3183 617 3278 publica.
653 3185 752 3257 etiam
784 3193 825 3257 at·
849 3185 929 3256 duas
961 3184 1132 3259 chartulas.
1165 3190 1348 3262 continente
1379 3191 1543 3263 nominata
1575 3201 1675 3264 terra.

247 3334 397 3408 quarum
413 3333 478 3382 una
495 3310 640 3382 chartula
655 3333 737 3406 quas
761 3309 843 3384 mibi
866 3311 943 3384 fecit
966 3311 1121 3384 iohannes
1144 3311 1211 3382 filio
1235 3315 1401 3406 quondam
1427 3315 1552 3384 domini
1576 3313 1678 3386 theo-

249 3435 353 3508 filacti
378 3437 541 3510 monachi.
567 3458 633 3508 una
648 3460 725 3509 cum
739 3458 932 3510 consensum
946 3444 980 3506 et
993 3434 1159 3506 uoluntate
1181 3434 1321 3526 presenti
1335 3457 1430 3518 maru
1445 3436 1584 3530 coniuge
1608 3461 1678 3510 sua.

252 3575 288 3639 et
314 3564 376 3638 alia
392 3564 539 3637 chartula
554 3587 636 3662 quas
650 3565 733 3640 mibi
749 3563 825 3636 lecit
840 3562 997 3635 iohannes
1011 3562 1116 3635 erario
1135 3560 1240 3632 lilium
1255 3561 1419 3655 quondam
1442 3563 1530 3639 davit
1543 3561 1676 3635 berarii.

250 3691 290 3763 in
324 3692 482 3788 presentis
506 3699 585 3785 aput
607 3699 640 3764 ta
664 3689 849 3763 remisimus
872 3712 949 3761 oum
972 3689 1082 3762 omnia
1097 3710 1162 3782 qne
1177 3687 1339 3762 continet:
1365 3689 1457 3762 Unde
1479 3689 1562 3760 nihil
1584 3690 1678 3764 nobis
1734 3745 1736 3748 -

250 3844 363 3916 nequa
387 3821 422 3890 in
445 3826 626 3892 memorato
660 3827 770 3889 saneto
794 3827 827 3888 et
850 3817 1027 3901 venerabili
1050 3827 1162 3890 nostro
1184 3817 1389 3891 monasterio.
1414 3820 1530 3896 exinde
1554 3819 1679 3915 aliquot

257 3949 426 4024 remansit.
452 3957 510 4022 aut
532 3947 769 4020 reserbauimus
790 3969 851 4018 neo
874 3947 909 4019 in
932 3947 1036 4020 aliena
1060 3949 1217 4046 cuiusque
1240 3973 1376 4044 persona
1400 3951 1490 4044 quod
1513 3948 1596 4020 ausit
1618 3971 1680 4020 oo-

254 4075 407 4153 misimus
424 4084 480 4147 aut
501 4077 567 4152 iam
582 4076 785 4148 oomictimns
808 4081 987 4168 potestate:
1014 4079 1062 4146 lta
1085 4087 1156 4147 uta
1180 4101 1266 4148 nune
1290 4086 1324 4149 et
1347 4077 1505 4170 deinceps.
1530 4075 1680 4150 iamdicta

260 4203 373 4278 inclita
396 4227 462 4277 una
484 4203 570 4298 petia
593 4204 634 4276 de
657 4211 743 4274 terra
765 4202 846 4274 iuris
862 4205 1034 4274 memorati
1057 4207 1159 4276 abacti
1181 4220 1209 4276 et
1231 4205 1413 4282 ammobilia
1436 4205 1538 4277 nostri
1559 4226 1681 4276 mona-

260 4333 353 4407 sterii
377 4334 587 4428 praecatur
604 4339 638 4403 at
660 4330 748 4402 muri
772 4330 861 4401 cintu
878 4329 984 4422 posito
1001 4332 1035 4402 in
1054 4332 1219 4404 nominato
1233 4331 1305 4400 loco
1323 4351 1518 4423 oasapagana
1541 4329 1576 4398 in
1591 4329 1682 4400 iam-

260 4464 351 4536 dicto
375 4461 448 4534 loco
472 4461 551 4534 loris
575 4460 681 4554 gripta
704 4481 781 4532 cum
805 4459 975 4534 ausoribus
996 4470 1028 4530 et
1050 4461 1221 4533 introitum
1231 4499 1619 4526 .................
1650 4465 1684 4536 et

255 4589 412 4660 omnibns
427 4591 473 4660 eis
494 4585 740 4682 pertinentibus.
766 4585 861 4666 sicuti
877 4597 911 4656 et
926 4589 1091 4680 quomodo
1115 4590 1308 4656 memoratus
1331 4579 1539 4654 coherentias.
1563 4605 1601 4652 ea
1624 4603 1683 4654 es-

257 4724 420 4810 segregat.
446 4715 542 4786 sicut.
570 4714 719 4808 superius
738 4713 859 4806 legitur
881 4713 916 4782 in
940 4713 1094 4806 presentis
1118 4739 1136 4790 a
1144 4757 1463 4782 ..............
1496 4709 1537 4780 sit
1559 4732 1684 4781 venun-

258 4843 351 4914 datas
374 4849 407 4912 et
429 4841 562 4912 baditm
585 4848 618 4910 et
641 4837 756 4914 intua
784 4838 916 4932 tuisque
938 4837 1112 4908 heredibus
1136 4836 1178 4906 sit
1200 4843 1356 4930 potestate
1380 4836 1542 4934 quidquid
1566 4837 1682 4909 exinde

258 4971 405 5052 iudicare
428 4993 493 5066 que
516 4967 683 5042 uolueritis
706 4991 832 5064 semper
860 4967 995 5040 liberam
1016 4967 1052 5038 in
1074 4966 1224 5042 omnibus
1232 5015 1670 5040 ...................

508 5097 575 5170 vot.
602 5095 650 5164 11.
1306 5099 1349 5161 23
