4900 6528
909 707 957 819 ΙΙ(
983 709 1086 803 261)

285 885 378 938 sonas
393 863 436 936 ha
459 883 545 935 nuuc
567 869 601 934 et
622 861 833 957 imperpetuis
855 865 1067 956 temporibus.
1092 866 1227 964 Insuper
1245 873 1336 944 omni
1351 883 1497 970 tempore
1516 903 1579 976 ago
1595 893 1627 958 es
1642 886 1709 959 hc-

241 1047 246 1058 .
285 989 376 1061 rados
398 987 490 1062 meis.
518 985 611 1060 rolris
633 988 812 1084 vestrisque
834 985 1006 1063 herodibus
1029 989 1070 1060 ab
1092 992 1197 1063 omnis
1212 993 1365 1070 homiues
1383 1003 1537 1100 omnique
1553 1033 1708 1104 personas

283 1115 403 1188 exindo
425 1115 460 1186 in
482 1111 634 1186 omnihus
656 1123 814 1188 antestare
836 1122 870 1188 et
892 1115 1056 1189 defensare
1081 1115 1265 1192 debeamus.
1294 1145 1354 1215 pro
1377 1148 1417 1195 eo
1440 1134 1528 1222 quod
1552 1139 1660 1232 accepi
1687 1165 1706 1210 a

280 1237 373 1311 vobis
395 1241 513 1312 exindo
536 1237 722 1332 impresenti
744 1237 828 1311 idest
850 1237 923 1310 auri
946 1237 1008 1308 turi
1029 1239 1159 1334 triginta
1184 1243 1332 1339 quinque
1356 1245 1392 1317 in
1407 1269 1537 1322 omnem
1559 1257 1704 1332 dmisio-

280 1388 356 1438 nem
378 1385 437 1438 seu
459 1361 743 1437 deliberationem:
768 1360 855 1446 Quia
879 1361 926 1433 ita
948 1362 1032 1435 inter
1055 1363 1149 1436 nobis
1171 1367 1355 1442 combunit:
1381 1371 1417 1444 Si
1439 1385 1548 1448 autem
1563 1403 1625 1474 ego
1650 1395 1706 1458 aut

282 1493 414 1566 herodes
437 1488 520 1564 meis
541 1489 659 1587 quovis
682 1497 826 1585 tempore
857 1497 970 1562 contra
1001 1488 1086 1562 hanc
1114 1489 1294 1564 chartulam
1316 1498 1511 1576 venditionis
1542 1516 1580 1577 ut
1608 1533 1705 1606 super

285 1621 407 1718 ngiur
428 1618 538 1695 venire
560 1615 827 1715 presumserimns
848 1623 882 1688 et
903 1615 1037 1690 minima
1059 1615 1342 1711 adimpleverimus
1365 1623 1426 1700 hec
1449 1632 1558 1702 omnia
1580 1656 1705 1710 memo·

288 1757 356 1822 rata
379 1755 413 1820 et
432 1747 468 1817 in
489 1746 610 1841 aliquid
632 1745 859 1820 omnnoumus
881 1765 941 1838 per
961 1742 1080 1839 quovis
1103 1743 1238 1816 modum
1260 1755 1318 1820 unt
1339 1771 1398 1844 per
1420 1754 1597 1830 summissis
1618 1784 1699 1856 par.

281 1887 490 1952 scrutano
511 1877 737 1972 componimus
758 1871 854 1947 vohis
875 1872 1054 1968 rasumque
1084 1869 1257 1949 heredibus
1285 1877 1357 1951 auri
1385 1877 1504 1954 solidos
1527 1881 1698 1963 duodecim

283 2005 498 2102 hythianteos.
517 2015 550 2078 et
572 2003 633 2077 hec
656 2002 802 2077 chanulu
824 2009 863 2076 ut
886 2023 985 2095 super
999 2000 1120 2098 iegitur
1133 2001 1177 2074 sit
1191 2002 1299 2077 fiamus
1315 2003 1567 2102 imperpetumns
1585 2013 1702 2110 scripta
1854 2021 1862 2031 “

283 2159 342 2231 par
363 2156 477 2208 manus
500 2131 584 2230 petri
608 2132 738 2206 curialis
761 2155 820 2227 per
842 2139 1021 2208 memorata
1043 2132 1179 2226 septima
1199 2130 1417 2234 indictione†
1431 2139 1505 2210 Hoc
1527 2141 1702 2238 signum†

284 2285 400 2334 manns
422 2267 598 2334 memorata
619 2281 751 2354 gamma
773 2259 907 2334 honesta
929 2255 1059 2332 ramira.
1085 2260 1175 2360 quod
1189 2279 1251 2356 ego
1265 2261 1325 2359 qui
1337 2269 1533 2339 memoratos
1547 2289 1609 2362 pro
1622 2293 1694 2343 oum

284 2386 458 2480 subscripsi
480 2393 514 2455 ct
535 2383 719 2456 nne-oratis
740 2383 804 2454 turi
826 2383 958 2458 traditos
980 2380 1105 2478 vidi†

367 2505 400 2599 †
434 2515 525 2580 nro
562 2510 827 2580 ononororc
858 2515 1036 2583 cranone
1067 2487 1130 2586 ἴῃ
1136 2555 1623 2584 .....................
1645 2523 1703 2590 na

278 2641 437 2706 rmum
466 2639 593 2704 uuum
626 2607 737 2704 c'o'n'is
773 2635 832 2702 un
861 2603 953 2704 c'cr'r
985 2637 1143 2706 runnu
1155 2679 1693 2712 .......................

370 2759 403 2856 †
426 2781 489 2854 ego
514 2756 655 2830 steiams
676 2755 762 2829 tilius
784 2755 910 2830 domini
916 2803 1692 2839 .................................

275 2882 450 2980 subscripsi
472 2890 507 2955 ct
528 2879 736 2980 suprascripti
758 2883 821 2957 tari
843 2883 914 2958 trud
920 2929 1216 2958 .............

367 3011 484 3112 †ego
506 3013 660 3090 iohannes
682 3013 769 3090 tilius
792 3015 915 3088 domini
938 3013 1022 3109 petri
1041 3013 1194 3087 monachi
1216 3023 1348 3110 rogatus
1351 3064 1690 3089 ...............

135 3239 138 3249 ᾗ
274 3145 448 3242 subscripsi
470 3152 504 3218 et
525 3145 732 3241 suprascripti
755 3145 818 3218 turi
841 3141 976 3216 traditos
998 3141 1121 3242 nidi†

371 3269 402 3364 †
424 3271 496 3363 ¹38⁰
519 3280 629 3366 Ρθῑῐῦδ
651 3267 788 3346 Curitis
810 3265 979 3363 compleri
1001 3277 1035 3340 et
1057 3267 1181 3341 absolvi
1199 3291 1258 3364 per
1272 3278 1449 3346 memorata
1474 3267 1696 3366 indictione†
