<?xml version="1.0" encoding="UTF-8"?>
<!DOCTYPE html PUBLIC "-//W3C//DTD XHTML 1.0 Transitional//EN"
    "http://www.w3.org/TR/xhtml1/DTD/xhtml1-transitional.dtd">
<html xmlns="http://www.w3.org/1999/xhtml" xml:lang="en" lang="en">
 <head>
  <title>
</title>
<meta http-equiv="Content-Type" content="text/html;charset=utf-8" />
  <meta name='ocr-system' content='tesseract 3.04.00' />
  <meta name='ocr-capabilities' content='ocr_page ocr_carea ocr_par ocr_line ocrx_word'/>
</head>
<body>
  <div class='ocr_page' id='page_1' title='image "./monumentaeditaa02napogoog_0178.png"; bbox 0 0 4854 6528; ppageno 0'>
   <div class='ocr_carea' id='block_1_1' title="bbox 879 663 1029 754">
    <p class='ocr_par' dir='ltr' id='par_1_1' title="bbox 879 663 1029 754">
     <span class='ocr_line' id='line_1_1' title="bbox 879 663 1029 754; baseline 0.007 -23"><span class='ocrx_word' id='word_1_1' title='bbox 879 663 1029 754; x_wconf 55' lang='grc' dir='ltr'><strong>(αι)</strong></span> 
     </span>
    </p>
   </div>
   <div class='ocr_carea' id='block_1_2' title="bbox 905 943 1017 1014">
    <p class='ocr_par' dir='ltr' id='par_1_2' title="bbox 905 943 1017 1014">
     <span class='ocr_line' id='line_1_2' title="bbox 905 943 1017 1014; baseline 0.009 -1"><span class='ocrx_word' id='word_1_2' title='bbox 905 943 1017 1014; x_wconf 86' lang='lat' dir='ltr'><strong>CXVI.</strong></span> 
     </span>
    </p>
   </div>
   <div class='ocr_carea' id='block_1_3' title="bbox 250 1191 1810 1802">
    <p class='ocr_par' dir='ltr' id='par_1_3' title="bbox 250 1191 1810 1802">
     <span class='ocr_line' id='line_1_3' title="bbox 342 1191 1799 1295; baseline 0.008 -28"><span class='ocrx_word' id='word_1_3' title='bbox 342 1191 375 1289; x_wconf 92' lang='lat'>†</span> <span class='ocrx_word' id='word_1_4' title='bbox 389 1194 573 1268; x_wconf 81' lang='lat' dir='ltr'><strong>innomine</strong></span> <span class='ocrx_word' id='word_1_5' title='bbox 589 1195 714 1268; x_wconf 92' lang='lat' dir='ltr'><strong>domini</strong></span> <span class='ocrx_word' id='word_1_6' title='bbox 729 1195 782 1269; x_wconf 89' lang='lat' dir='ltr'><strong>dei</strong></span> <span class='ocrx_word' id='word_1_7' title='bbox 796 1196 966 1270; x_wconf 82' lang='lat' dir='ltr'><strong>salvatoris</strong></span> <span class='ocrx_word' id='word_1_8' title='bbox 981 1198 1086 1270; x_wconf 82' lang='lat' dir='ltr'><strong>nostri</strong></span> <span class='ocrx_word' id='word_1_9' title='bbox 1099 1198 1195 1271; x_wconf 84' lang='lat' dir='ltr'><strong>ihesu</strong></span> <span class='ocrx_word' id='word_1_10' title='bbox 1211 1197 1331 1272; x_wconf 79' lang='lat' dir='ltr'><strong>Christi</strong></span> <span class='ocrx_word' id='word_1_11' title='bbox 1346 1201 1529 1295; x_wconf 81' lang='lat' dir='ltr'><strong>Imperante</strong></span> <span class='ocrx_word' id='word_1_12' title='bbox 1541 1205 1673 1278; x_wconf 91' lang='lat' dir='ltr'><strong>domino</strong></span> <span class='ocrx_word' id='word_1_13' title='bbox 1746 1229 1799 1278; x_wconf 82' lang='lat' dir='ltr'><strong>nn.</strong></span> 
     </span>
     <span class='ocr_line' id='line_1_4' title="bbox 250 1323 1810 1420; baseline 0.004 -23"><span class='ocrx_word' id='word_1_14' title='bbox 250 1334 358 1398; x_wconf 89' lang='lat' dir='ltr'><strong>nostro</strong></span> <span class='ocrx_word' id='word_1_15' title='bbox 382 1323 495 1396; x_wconf 80' lang='lat' dir='ltr'><strong>basilio</strong></span> <span class='ocrx_word' id='word_1_16' title='bbox 518 1336 551 1397; x_wconf 87' lang='lat' dir='ltr'><strong>et</strong></span> <span class='ocrx_word' id='word_1_17' title='bbox 573 1325 775 1398; x_wconf 77' lang='lat' dir='ltr'><strong>constentino</strong></span> <span class='ocrx_word' id='word_1_18' title='bbox 799 1328 923 1419; x_wconf 81' lang='lat' dir='ltr'><strong>magnis</strong></span> <span class='ocrx_word' id='word_1_19' title='bbox 945 1329 1196 1420; x_wconf 82' lang='lat' dir='ltr'><strong>Imperatoribus</strong></span> <span class='ocrx_word' id='word_1_20' title='bbox 1219 1353 1304 1401; x_wconf 80' lang='lat' dir='ltr'><strong>anno</strong></span> <span class='ocrx_word' id='word_1_21' title='bbox 1327 1337 1420 1400; x_wconf 84' lang='lat' dir='ltr'><strong>sexto</strong></span> <span class='ocrx_word' id='word_1_22' title='bbox 1443 1330 1500 1401; x_wconf 89' lang='lat' dir='ltr'><strong>sed</strong></span> <span class='ocrx_word' id='word_1_23' title='bbox 1525 1341 1558 1400; x_wconf 84' lang='lat' dir='ltr'><strong>et</strong></span> <span class='ocrx_word' id='word_1_24' title='bbox 1579 1330 1669 1404; x_wconf 70' lang='lat' dir='ltr'><strong>niei&#39;·</strong></span> <span class='ocrx_word' id='word_1_25' title='bbox 1722 1344 1810 1403; x_wconf 83' lang='lat'><strong>965.</strong></span> 
     </span>
     <span class='ocr_line' id='line_1_5' title="bbox 250 1449 1671 1546; baseline 0.004 -24"><span class='ocrx_word' id='word_1_26' title='bbox 250 1451 333 1524; x_wconf 76' lang='lat' dir='ltr'><strong>torio</strong></span> <span class='ocrx_word' id='word_1_27' title='bbox 356 1471 476 1544; x_wconf 81' lang='lat' dir='ltr'><strong>magno</strong></span> <span class='ocrx_word' id='word_1_28' title='bbox 499 1449 694 1544; x_wconf 76' lang='lat' dir='ltr'><strong>imperatore</strong></span> <span class='ocrx_word' id='word_1_29' title='bbox 717 1471 802 1521; x_wconf 79' lang='lat' dir='ltr'><strong>anno</strong></span> <span class='ocrx_word' id='word_1_30' title='bbox 825 1450 922 1520; x_wconf 89' lang='lat' dir='ltr'><strong>tertio</strong></span> <span class='ocrx_word' id='word_1_31' title='bbox 945 1452 998 1522; x_wconf 90' lang='lat' dir='ltr'><strong>die</strong></span> <span class='ocrx_word' id='word_1_32' title='bbox 1021 1453 1156 1546; x_wconf 77' lang='lat' dir='ltr'><strong>septima</strong></span> <span class='ocrx_word' id='word_1_33' title='bbox 1180 1455 1306 1526; x_wconf 81' lang='lat' dir='ltr'><strong>decima</strong></span> <span class='ocrx_word' id='word_1_34' title='bbox 1334 1455 1453 1525; x_wconf 89' lang='lat' dir='ltr'><strong>mensis</strong></span> <span class='ocrx_word' id='word_1_35' title='bbox 1487 1457 1671 1528; x_wconf 82' lang='lat' dir='ltr'><strong>novembrii</strong></span> 
     </span>
     <span class='ocr_line' id='line_1_6' title="bbox 250 1575 1672 1674; baseline 0.004 -26"><span class='ocrx_word' id='word_1_36' title='bbox 250 1575 423 1650; x_wconf 84' lang='lat' dir='ltr'><strong>indictione</strong></span> <span class='ocrx_word' id='word_1_37' title='bbox 446 1598 531 1647; x_wconf 86' lang='lat' dir='ltr'><strong>nona</strong></span> <span class='ocrx_word' id='word_1_38' title='bbox 566 1576 717 1671; x_wconf 79' lang='lat' dir='ltr'><strong>neapoli:</strong></span> <span class='ocrx_word' id='word_1_39' title='bbox 742 1575 875 1648; x_wconf 84' lang='lat' dir='ltr'><strong>Certum</strong></span> <span class='ocrx_word' id='word_1_40' title='bbox 903 1587 952 1648; x_wconf 86' lang='lat' dir='ltr'><strong>est</strong></span> <span class='ocrx_word' id='word_1_41' title='bbox 971 1599 1024 1649; x_wconf 86' lang='lat' dir='ltr'><strong>me</strong></span> <span class='ocrx_word' id='word_1_42' title='bbox 1056 1579 1234 1651; x_wconf 82' lang='lat' dir='ltr'><strong>macarium</strong></span> <span class='ocrx_word' id='word_1_43' title='bbox 1266 1579 1462 1650; x_wconf 83' lang='lat' dir='ltr'><strong>monachum</strong></span> <span class='ocrx_word' id='word_1_44' title='bbox 1485 1582 1544 1674; x_wconf 90' lang='lat' dir='ltr'><strong>qui</strong></span> <span class='ocrx_word' id='word_1_45' title='bbox 1572 1583 1672 1654; x_wconf 79' lang='lat' dir='ltr'><strong>laicus</strong></span> 
     </span>
     <span class='ocr_line' id='line_1_7' title="bbox 250 1689 1669 1802; baseline 0.001 -26"><span class='ocrx_word' id='word_1_46' title='bbox 250 1703 377 1776; x_wconf 86' lang='lat' dir='ltr'><strong>murino</strong></span> <span class='ocrx_word' id='word_1_47' title='bbox 391 1703 450 1800; x_wconf 87' lang='lat' dir='ltr'><strong>qui</strong></span> <span class='ocrx_word' id='word_1_48' title='bbox 466 1723 681 1800; x_wconf 78' lang='lat' dir='ltr'><strong>supranomen</strong></span> <span class='ocrx_word' id='word_1_49' title='bbox 696 1702 811 1775; x_wconf 84' lang='lat' dir='ltr'><strong>sillieto</strong></span> <span class='ocrx_word' id='word_1_50' title='bbox 825 1703 992 1776; x_wconf 81' lang='lat' dir='ltr'><strong>clamatur.</strong></span> <span class='ocrx_word' id='word_1_51' title='bbox 1007 1703 1092 1776; x_wconf 87' lang='lat' dir='ltr'><strong>filius</strong></span> <span class='ocrx_word' id='word_1_52' title='bbox 1108 1707 1273 1802; x_wconf 81' lang='lat' dir='ltr'><strong>quondam</strong></span> <span class='ocrx_word' id='word_1_53' title='bbox 1288 1705 1411 1778; x_wconf 88' lang='lat' dir='ltr'><strong>domini</strong></span> <span class='ocrx_word' id='word_1_54' title='bbox 1427 1707 1510 1800; x_wconf 87' lang='lat' dir='ltr'><strong>petri</strong></span> <span class='ocrx_word' id='word_1_55' title='bbox 1528 1689 1669 1780; x_wconf 82' lang='lat' dir='ltr'><strong>tribuni:</strong></span> 
     </span>
    </p>
   </div>
   <div class='ocr_carea' id='block_1_4' title="bbox 154 1828 1682 5075">
    <p class='ocr_par' dir='ltr' id='par_1_4' title="bbox 154 1828 1682 5075">
     <span class='ocr_line' id='line_1_8' title="bbox 255 1828 1673 1924; baseline 0.004 -23"><span class='ocrx_word' id='word_1_56' title='bbox 255 1831 285 1901; x_wconf 81' lang='lat' dir='ltr'>A</span> <span class='ocrx_word' id='word_1_57' title='bbox 321 1831 461 1924; x_wconf 87' lang='lat' dir='ltr'><strong>presenti</strong></span> <span class='ocrx_word' id='word_1_58' title='bbox 495 1829 549 1904; x_wconf 87' lang='lat' dir='ltr'><strong>die</strong></span> <span class='ocrx_word' id='word_1_59' title='bbox 577 1829 795 1924; x_wconf 71' lang='lat' dir='ltr'><strong>promtissima</strong></span> <span class='ocrx_word' id='word_1_60' title='bbox 829 1828 996 1900; x_wconf 76' lang='lat' dir='ltr'><strong>uoluntate</strong></span> <span class='ocrx_word' id='word_1_61' title='bbox 1029 1851 1092 1923; x_wconf 94' lang='lat' dir='ltr'><strong>pro</strong></span> <span class='ocrx_word' id='word_1_62' title='bbox 1125 1829 1249 1902; x_wconf 90' lang='lat' dir='ltr'><strong>domini</strong></span> <span class='ocrx_word' id='word_1_63' title='bbox 1284 1851 1396 1902; x_wconf 82' lang='lat' dir='ltr'><strong>amore</strong></span> <span class='ocrx_word' id='word_1_64' title='bbox 1427 1839 1460 1902; x_wconf 87' lang='lat' dir='ltr'><strong>et</strong></span> <span class='ocrx_word' id='word_1_65' title='bbox 1489 1829 1673 1906; x_wconf 81' lang='lat' dir='ltr'><strong>selbationis</strong></span> 
     </span>
     <span class='ocr_line' id='line_1_9' title="bbox 249 1956 1670 2052; baseline -0.001 -22"><span class='ocrx_word' id='word_1_66' title='bbox 249 1958 355 2030; x_wconf 75' lang='lat' dir='ltr'><strong>anime</strong></span> <span class='ocrx_word' id='word_1_67' title='bbox 378 1981 479 2032; x_wconf 84' lang='lat' dir='ltr'><strong>mene.</strong></span> <span class='ocrx_word' id='word_1_68' title='bbox 503 1967 536 2031; x_wconf 86' lang='lat' dir='ltr'><strong>et</strong></span> <span class='ocrx_word' id='word_1_69' title='bbox 558 1979 619 2052; x_wconf 91' lang='lat' dir='ltr'><strong>pro</strong></span> <span class='ocrx_word' id='word_1_70' title='bbox 643 1957 751 2028; x_wconf 79' lang='lat' dir='ltr'><strong>enimn</strong></span> <span class='ocrx_word' id='word_1_71' title='bbox 773 1956 939 2052; x_wconf 77' lang='lat' dir='ltr'><strong>quondam</strong></span> <span class='ocrx_word' id='word_1_72' title='bbox 961 1977 1056 2027; x_wconf 82' lang='lat' dir='ltr'><strong>meru</strong></span> <span class='ocrx_word' id='word_1_73' title='bbox 1079 1957 1218 2028; x_wconf 76' lang='lat' dir='ltr'><strong>honeste</strong></span> <span class='ocrx_word' id='word_1_74' title='bbox 1240 1958 1360 2029; x_wconf 83' lang='lat' dir='ltr'><strong>semino</strong></span> <span class='ocrx_word' id='word_1_75' title='bbox 1390 1958 1514 2032; x_wconf 91' lang='lat' dir='ltr'><strong>dudum</strong></span> <span class='ocrx_word' id='word_1_76' title='bbox 1537 1961 1670 2051; x_wconf 86' lang='lat' dir='ltr'><strong>coniugi</strong></span> 
     </span>
     <span class='ocr_line' id='line_1_10' title="bbox 249 2078 1669 2179; baseline 0.002 -25"><span class='ocrx_word' id='word_1_77' title='bbox 249 2105 364 2154; x_wconf 80' lang='lat' dir='ltr'><strong>meae:</strong></span> <span class='ocrx_word' id='word_1_78' title='bbox 385 2085 501 2156; x_wconf 76' lang='lat' dir='ltr'><strong>&#39;Offero</strong></span> <span class='ocrx_word' id='word_1_79' title='bbox 524 2093 559 2155; x_wconf 85' lang='lat' dir='ltr'><strong>et</strong></span> <span class='ocrx_word' id='word_1_80' title='bbox 580 2083 674 2156; x_wconf 82' lang='lat' dir='ltr'><strong>trado</strong></span> <span class='ocrx_word' id='word_1_81' title='bbox 697 2081 792 2156; x_wconf 79' lang='lat' dir='ltr'><strong>robis</strong></span> <span class='ocrx_word' id='word_1_82' title='bbox 815 2078 952 2154; x_wconf 92' lang='lat' dir='ltr'><strong>domino</strong></span> <span class='ocrx_word' id='word_1_83' title='bbox 976 2084 1083 2177; x_wconf 79' lang='lat' dir='ltr'><strong>sergio</strong></span> <span class='ocrx_word' id='word_1_84' title='bbox 1106 2083 1250 2156; x_wconf 84' lang='lat' dir='ltr'><strong>ummilis</strong></span> <span class='ocrx_word' id='word_1_85' title='bbox 1266 2084 1420 2179; x_wconf 83' lang='lat' dir='ltr'><strong>igumeno</strong></span> <span class='ocrx_word' id='word_1_86' title='bbox 1445 2085 1579 2158; x_wconf 88' lang='lat' dir='ltr'><strong>domino</strong></span> <span class='ocrx_word' id='word_1_87' title='bbox 1594 2109 1669 2157; x_wconf 89' lang='lat' dir='ltr'><strong>meo</strong></span> 
     </span>
     <span class='ocr_line' id='line_1_11' title="bbox 249 2209 1671 2308; baseline 0 -26"><span class='ocrx_word' id='word_1_88' title='bbox 249 2210 435 2282; x_wconf 84' lang='lat' dir='ltr'><strong>monasterii</strong></span> <span class='ocrx_word' id='word_1_89' title='bbox 458 2219 643 2282; x_wconf 77' lang='lat' dir='ltr'><strong>sanctorum</strong></span> <span class='ocrx_word' id='word_1_90' title='bbox 663 2209 764 2305; x_wconf 50' lang='lat' dir='ltr'><strong>,sergii</strong></span> <span class='ocrx_word' id='word_1_91' title='bbox 788 2220 821 2282; x_wconf 87' lang='lat' dir='ltr'><strong>et</strong></span> <span class='ocrx_word' id='word_1_92' title='bbox 835 2209 946 2282; x_wconf 79' lang='lat' dir='ltr'><strong>baschi</strong></span> <span class='ocrx_word' id='word_1_93' title='bbox 963 2210 1022 2308; x_wconf 89' lang='lat' dir='ltr'><strong>qui</strong></span> <span class='ocrx_word' id='word_1_94' title='bbox 1037 2235 1124 2284; x_wconf 88' lang='lat' dir='ltr'><strong>nune</strong></span> <span class='ocrx_word' id='word_1_95' title='bbox 1140 2222 1353 2307; x_wconf 78' lang='lat' dir='ltr'><strong>congregatus</strong></span> <span class='ocrx_word' id='word_1_96' title='bbox 1368 2223 1416 2285; x_wconf 81' lang='lat' dir='ltr'><strong>est</strong></span> <span class='ocrx_word' id='word_1_97' title='bbox 1431 2211 1465 2284; x_wconf 93' lang='lat' dir='ltr'><strong>in</strong></span> <span class='ocrx_word' id='word_1_98' title='bbox 1477 2213 1671 2284; x_wconf 85' lang='lat' dir='ltr'><strong>monasterio</strong></span> 
     </span>
     <span class='ocr_line' id='line_1_12' title="bbox 251 2333 1670 2430; baseline -0.001 -23"><span class='ocrx_word' id='word_1_99' title='bbox 251 2343 433 2407; x_wconf 78' lang='lat' dir='ltr'><strong>sanctorum</strong></span> <span class='ocrx_word' id='word_1_100' title='bbox 456 2333 605 2406; x_wconf 90' lang='lat' dir='ltr'><strong>theodori</strong></span> <span class='ocrx_word' id='word_1_101' title='bbox 628 2343 662 2408; x_wconf 86' lang='lat' dir='ltr'><strong>et</strong></span> <span class='ocrx_word' id='word_1_102' title='bbox 683 2333 854 2409; x_wconf 83' lang='lat' dir='ltr'><strong>sebastiani</strong></span> <span class='ocrx_word' id='word_1_103' title='bbox 878 2337 936 2430; x_wconf 90' lang='lat' dir='ltr'><strong>qui</strong></span> <span class='ocrx_word' id='word_1_104' title='bbox 959 2337 1137 2430; x_wconf 81' lang='lat' dir='ltr'><strong>appelletur</strong></span> <span class='ocrx_word' id='word_1_105' title='bbox 1160 2337 1316 2430; x_wconf 78' lang='lat' dir='ltr'><strong>compieta</strong></span> <span class='ocrx_word' id='word_1_106' title='bbox 1339 2337 1438 2410; x_wconf 87' lang='lat' dir='ltr'><strong>situm</strong></span> <span class='ocrx_word' id='word_1_107' title='bbox 1471 2335 1507 2407; x_wconf 93' lang='lat' dir='ltr'><strong>in</strong></span> <span class='ocrx_word' id='word_1_108' title='bbox 1530 2335 1670 2408; x_wconf 82' lang='lat' dir='ltr'><strong>viridia-</strong></span> 
     </span>
     <span class='ocr_line' id='line_1_13' title="bbox 252 2459 1673 2553; baseline 0.001 -23"><span class='ocrx_word' id='word_1_109' title='bbox 252 2460 303 2530; x_wconf 92' lang='lat' dir='ltr'><strong>rio</strong></span> <span class='ocrx_word' id='word_1_110' title='bbox 326 2469 359 2531; x_wconf 87' lang='lat' dir='ltr'><strong>et</strong></span> <span class='ocrx_word' id='word_1_111' title='bbox 381 2481 440 2553; x_wconf 89' lang='lat' dir='ltr'><strong>per</strong></span> <span class='ocrx_word' id='word_1_112' title='bbox 462 2481 522 2530; x_wconf 82' lang='lat' dir='ltr'><strong>vos</strong></span> <span class='ocrx_word' id='word_1_113' title='bbox 542 2459 577 2529; x_wconf 93' lang='lat' dir='ltr'><strong>in</strong></span> <span class='ocrx_word' id='word_1_114' title='bbox 599 2468 779 2532; x_wconf 82' lang='lat' dir='ltr'><strong>memorato</strong></span> <span class='ocrx_word' id='word_1_115' title='bbox 802 2467 913 2530; x_wconf 77' lang='lat' dir='ltr'><strong>saneto</strong></span> <span class='ocrx_word' id='word_1_116' title='bbox 936 2467 969 2532; x_wconf 87' lang='lat' dir='ltr'><strong>et</strong></span> <span class='ocrx_word' id='word_1_117' title='bbox 989 2461 1167 2534; x_wconf 76' lang='lat' dir='ltr'><strong>venerabili</strong></span> <span class='ocrx_word' id='word_1_118' title='bbox 1189 2470 1299 2534; x_wconf 84' lang='lat' dir='ltr'><strong>vestro</strong></span> <span class='ocrx_word' id='word_1_119' title='bbox 1321 2462 1543 2534; x_wconf 73' lang='lat' dir='ltr'><strong>monesterioz</strong></span> <span class='ocrx_word' id='word_1_120' title='bbox 1580 2463 1673 2532; x_wconf 85' lang='lat' dir='ltr'><strong>iDest</strong></span> 
     </span>
     <span class='ocr_line' id='line_1_14' title="bbox 252 2582 1671 2682; baseline 0.001 -28"><span class='ocrx_word' id='word_1_121' title='bbox 252 2582 377 2677; x_wconf 82' lang='lat' dir='ltr'><strong>integre</strong></span> <span class='ocrx_word' id='word_1_122' title='bbox 399 2604 465 2655; x_wconf 81' lang='lat' dir='ltr'><strong>una</strong></span> <span class='ocrx_word' id='word_1_123' title='bbox 486 2582 571 2677; x_wconf 82' lang='lat' dir='ltr'><strong>petie</strong></span> <span class='ocrx_word' id='word_1_124' title='bbox 594 2583 746 2656; x_wconf 81' lang='lat' dir='ltr'><strong>deterre</strong></span> <span class='ocrx_word' id='word_1_125' title='bbox 769 2605 841 2655; x_wconf 84' lang='lat' dir='ltr'><strong>meu</strong></span> <span class='ocrx_word' id='word_1_126' title='bbox 865 2604 931 2676; x_wconf 89' lang='lat' dir='ltr'><strong>quo</strong></span> <span class='ocrx_word' id='word_1_127' title='bbox 953 2592 1091 2654; x_wconf 75' lang='lat' dir='ltr'><strong>vocatur</strong></span> <span class='ocrx_word' id='word_1_128' title='bbox 1114 2585 1156 2654; x_wconf 80' lang='lat' dir='ltr'><strong>ad</strong></span> <span class='ocrx_word' id='word_1_129' title='bbox 1177 2593 1314 2678; x_wconf 87' lang='lat' dir='ltr'><strong>puteum</strong></span> <span class='ocrx_word' id='word_1_130' title='bbox 1329 2587 1433 2682; x_wconf 84' lang='lat' dir='ltr'><strong>positu</strong></span> <span class='ocrx_word' id='word_1_131' title='bbox 1456 2585 1588 2657; x_wconf 84' lang='lat' dir='ltr'><strong>inloeo</strong></span> <span class='ocrx_word' id='word_1_132' title='bbox 1612 2585 1671 2680; x_wconf 88' lang='lat' dir='ltr'><strong>qui</strong></span> 
     </span>
     <span class='ocr_line' id='line_1_15' title="bbox 252 2692 1672 2807; baseline 0.001 -25"><span class='ocrx_word' id='word_1_133' title='bbox 252 2711 437 2782; x_wconf 80' lang='lat' dir='ltr'><strong>nominatur</strong></span> <span class='ocrx_word' id='word_1_134' title='bbox 459 2710 664 2807; x_wconf 78' lang='lat' dir='ltr'><strong>putininnnm</strong></span> <span class='ocrx_word' id='word_1_135' title='bbox 686 2731 786 2806; x_wconf 81' lang='lat' dir='ltr'><strong>quam</strong></span> <span class='ocrx_word' id='word_1_136' title='bbox 808 2708 892 2781; x_wconf 86' lang='lat' dir='ltr'><strong>mihi</strong></span> <span class='ocrx_word' id='word_1_137' title='bbox 916 2710 1068 2782; x_wconf 72' lang='lat' dir='ltr'><strong>donatum</strong></span> <span class='ocrx_word' id='word_1_138' title='bbox 1090 2708 1189 2782; x_wconf 76' lang='lat' dir='ltr'><strong>havet</strong></span> <span class='ocrx_word' id='word_1_139' title='bbox 1212 2713 1377 2807; x_wconf 78' lang='lat' dir='ltr'><strong>quondam</strong></span> <span class='ocrx_word' id='word_1_140' title='bbox 1400 2692 1578 2785; x_wconf 82' lang='lat' dir='ltr'><strong>memorata</strong></span> <span class='ocrx_word' id='word_1_141' title='bbox 1602 2735 1672 2784; x_wconf 85' lang='lat' dir='ltr'><strong>mu·</strong></span> 
     </span>
     <span class='ocr_line' id='line_1_16' title="bbox 154 2836 1675 2934; baseline -0.001 -24"><span class='ocrx_word' id='word_1_142' title='bbox 154 2885 157 2890; x_wconf 92' lang='lat'>-</span> <span class='ocrx_word' id='word_1_143' title='bbox 252 2859 295 2910; x_wconf 90' lang='lat' dir='ltr'><strong>ru</strong></span> <span class='ocrx_word' id='word_1_144' title='bbox 318 2838 452 2912; x_wconf 78' lang='lat' dir='ltr'><strong>honeste</strong></span> <span class='ocrx_word' id='word_1_145' title='bbox 474 2839 595 2911; x_wconf 75' lang='lat' dir='ltr'><strong>femina</strong></span> <span class='ocrx_word' id='word_1_146' title='bbox 629 2838 754 2914; x_wconf 91' lang='lat' dir='ltr'><strong>dudum</strong></span> <span class='ocrx_word' id='word_1_147' title='bbox 787 2836 920 2932; x_wconf 80' lang='lat' dir='ltr'><strong>ooniugi</strong></span> <span class='ocrx_word' id='word_1_148' title='bbox 954 2858 1027 2906; x_wconf 82' lang='lat' dir='ltr'><strong>mea</strong></span> <span class='ocrx_word' id='word_1_149' title='bbox 1049 2857 1227 2930; x_wconf 86' lang='lat' dir='ltr'><strong>persuum</strong></span> <span class='ocrx_word' id='word_1_150' title='bbox 1250 2839 1441 2933; x_wconf 87' lang='lat' dir='ltr'><strong>dispositum</strong></span> <span class='ocrx_word' id='word_1_151' title='bbox 1468 2839 1526 2934; x_wconf 82' lang='lat' dir='ltr'><strong>qui</strong></span> <span class='ocrx_word' id='word_1_152' title='bbox 1555 2837 1675 2910; x_wconf 84' lang='lat' dir='ltr'><strong>reieoet</strong></span> 
     </span>
     <span class='ocr_line' id='line_1_17' title="bbox 251 2963 1675 3038; baseline 0.001 -3"><span class='ocrx_word' id='word_1_153' title='bbox 251 2963 288 3036; x_wconf 90' lang='lat' dir='ltr'><strong>in</strong></span> <span class='ocrx_word' id='word_1_154' title='bbox 310 2972 491 3038; x_wconf 81' lang='lat' dir='ltr'><strong>memorato</strong></span> <span class='ocrx_word' id='word_1_155' title='bbox 513 2975 625 3038; x_wconf 85' lang='lat' dir='ltr'><strong>saneto</strong></span> <span class='ocrx_word' id='word_1_156' title='bbox 647 2974 680 3038; x_wconf 83' lang='lat' dir='ltr'><strong>et</strong></span> <span class='ocrx_word' id='word_1_157' title='bbox 701 2963 879 3038; x_wconf 74' lang='lat' dir='ltr'><strong>venerabili</strong></span> <span class='ocrx_word' id='word_1_158' title='bbox 902 2973 1011 3035; x_wconf 81' lang='lat' dir='ltr'><strong>restro</strong></span> <span class='ocrx_word' id='word_1_159' title='bbox 1033 2963 1242 3035; x_wconf 80' lang='lat' dir='ltr'><strong>monasterio:</strong></span> <span class='ocrx_word' id='word_1_160' title='bbox 1269 2965 1343 3036; x_wconf 83' lang='lat' dir='ltr'><strong>Unn</strong></span> <span class='ocrx_word' id='word_1_161' title='bbox 1359 2986 1436 3036; x_wconf 86' lang='lat' dir='ltr'><strong>eum</strong></span> <span class='ocrx_word' id='word_1_162' title='bbox 1453 2963 1624 3034; x_wconf 77' lang='lat' dir='ltr'><strong>erroribus</strong></span> <span class='ocrx_word' id='word_1_163' title='bbox 1640 2972 1675 3036; x_wconf 84' lang='lat' dir='ltr'><strong>et</strong></span> 
     </span>
     <span class='ocr_line' id='line_1_18' title="bbox 251 3088 1676 3186; baseline 0.001 -25"><span class='ocrx_word' id='word_1_164' title='bbox 251 3089 386 3162; x_wconf 85' lang='lat' dir='ltr'><strong>introito</strong></span> <span class='ocrx_word' id='word_1_165' title='bbox 410 3109 470 3162; x_wconf 88' lang='lat' dir='ltr'><strong>suo</strong></span> <span class='ocrx_word' id='word_1_166' title='bbox 493 3101 527 3164; x_wconf 86' lang='lat' dir='ltr'><strong>et</strong></span> <span class='ocrx_word' id='word_1_167' title='bbox 549 3090 701 3168; x_wconf 75' lang='lat' dir='ltr'><strong>omnibus</strong></span> <span class='ocrx_word' id='word_1_168' title='bbox 722 3091 786 3164; x_wconf 81' lang='lat' dir='ltr'><strong>siri</strong></span> <span class='ocrx_word' id='word_1_169' title='bbox 808 3089 1044 3185; x_wconf 85' lang='lat' dir='ltr'><strong>pertinentibus</strong></span> <span class='ocrx_word' id='word_1_170' title='bbox 1065 3089 1124 3186; x_wconf 85' lang='lat' dir='ltr'><strong>qui</strong></span> <span class='ocrx_word' id='word_1_171' title='bbox 1148 3089 1280 3162; x_wconf 83' lang='lat' dir='ltr'><strong>coheret</strong></span> <span class='ocrx_word' id='word_1_172' title='bbox 1303 3089 1366 3161; x_wconf 87' lang='lat' dir='ltr'><strong>sivi</strong></span> <span class='ocrx_word' id='word_1_173' title='bbox 1390 3091 1430 3162; x_wconf 89' lang='lat' dir='ltr'><strong>de</strong></span> <span class='ocrx_word' id='word_1_174' title='bbox 1447 3089 1573 3162; x_wconf 90' lang='lat' dir='ltr'><strong>duobus</strong></span> <span class='ocrx_word' id='word_1_175' title='bbox 1596 3088 1676 3163; x_wconf 79' lang='lat' dir='ltr'><strong>late·</strong></span> 
     </span>
     <span class='ocr_line' id='line_1_19' title="bbox 252 3215 1672 3312; baseline -0.003 -21"><span class='ocrx_word' id='word_1_176' title='bbox 252 3218 343 3291; x_wconf 82' lang='lat' dir='ltr'><strong>ribus</strong></span> <span class='ocrx_word' id='word_1_177' title='bbox 364 3227 450 3292; x_wconf 84' lang='lat' dir='ltr'><strong>terra</strong></span> <span class='ocrx_word' id='word_1_178' title='bbox 474 3221 515 3292; x_wconf 84' lang='lat' dir='ltr'><strong>de</strong></span> <span class='ocrx_word' id='word_1_179' title='bbox 538 3217 586 3292; x_wconf 82' lang='lat' dir='ltr'><strong>iili</strong></span> <span class='ocrx_word' id='word_1_180' title='bbox 608 3217 753 3292; x_wconf 82' lang='lat' dir='ltr'><strong>toecnli:</strong></span> <span class='ocrx_word' id='word_1_181' title='bbox 784 3228 817 3292; x_wconf 85' lang='lat' dir='ltr'><strong>et</strong></span> <span class='ocrx_word' id='word_1_182' title='bbox 840 3219 880 3292; x_wconf 91' lang='lat' dir='ltr'><strong>de</strong></span> <span class='ocrx_word' id='word_1_183' title='bbox 902 3239 970 3290; x_wconf 91' lang='lat' dir='ltr'><strong>uno</strong></span> <span class='ocrx_word' id='word_1_184' title='bbox 993 3217 1098 3312; x_wconf 80' lang='lat' dir='ltr'><strong>cupite</strong></span> <span class='ocrx_word' id='word_1_185' title='bbox 1122 3243 1142 3290; x_wconf 80' lang='lat' dir='ltr'><strong>a</strong></span> <span class='ocrx_word' id='word_1_186' title='bbox 1164 3227 1256 3310; x_wconf 82' lang='lat' dir='ltr'><strong>perte</strong></span> <span class='ocrx_word' id='word_1_187' title='bbox 1279 3217 1455 3289; x_wconf 72' lang='lat' dir='ltr'><strong>occidentis</strong></span> <span class='ocrx_word' id='word_1_188' title='bbox 1478 3218 1534 3290; x_wconf 77' lang='lat' dir='ltr'><strong>rie</strong></span> <span class='ocrx_word' id='word_1_189' title='bbox 1556 3215 1672 3311; x_wconf 90' lang='lat' dir='ltr'><strong>publi-</strong></span> 
     </span>
     <span class='ocr_line' id='line_1_20' title="bbox 253 3341 1676 3442; baseline -0.002 -26"><span class='ocrx_word' id='word_1_190' title='bbox 253 3367 315 3417; x_wconf 73' lang='lat' dir='ltr'><strong>cat</strong></span> <span class='ocrx_word' id='word_1_191' title='bbox 340 3353 374 3419; x_wconf 82' lang='lat' dir='ltr'><strong>et</strong></span> <span class='ocrx_word' id='word_1_192' title='bbox 396 3367 439 3419; x_wconf 87' lang='lat' dir='ltr'><strong>ex</strong></span> <span class='ocrx_word' id='word_1_193' title='bbox 461 3345 527 3418; x_wconf 83' lang='lat' dir='ltr'><strong>elio</strong></span> <span class='ocrx_word' id='word_1_194' title='bbox 548 3349 653 3442; x_wconf 78' lang='lat' dir='ltr'><strong>eapite</strong></span> <span class='ocrx_word' id='word_1_195' title='bbox 658 3395 837 3418; x_wconf 88' lang='grc'><strong>........</strong></span> <span class='ocrx_word' id='word_1_196' title='bbox 865 3346 916 3416; x_wconf 86' lang='lat' dir='ltr'><strong>De</strong></span> <span class='ocrx_word' id='word_1_197' title='bbox 939 3367 1005 3439; x_wconf 80' lang='lat' dir='ltr'><strong>que</strong></span> <span class='ocrx_word' id='word_1_198' title='bbox 1028 3342 1109 3413; x_wconf 86' lang='lat' dir='ltr'><strong>nihil</strong></span> <span class='ocrx_word' id='word_1_199' title='bbox 1131 3341 1215 3411; x_wconf 89' lang='lat' dir='ltr'><strong>mihi</strong></span> <span class='ocrx_word' id='word_1_200' title='bbox 1238 3342 1356 3413; x_wconf 84' lang='lat' dir='ltr'><strong>exinde</strong></span> <span class='ocrx_word' id='word_1_201' title='bbox 1378 3345 1532 3414; x_wconf 79' lang='lat' dir='ltr'><strong>remansit</strong></span> <span class='ocrx_word' id='word_1_202' title='bbox 1555 3366 1616 3412; x_wconf 88' lang='lat' dir='ltr'><strong>neo</strong></span> <span class='ocrx_word' id='word_1_203' title='bbox 1640 3344 1676 3413; x_wconf 90' lang='lat' dir='ltr'><strong>in</strong></span> 
     </span>
     <span class='ocr_line' id='line_1_21' title="bbox 254 3467 1676 3569; baseline -0.004 -24"><span class='ocrx_word' id='word_1_204' title='bbox 254 3471 390 3546; x_wconf 75' lang='lat' dir='ltr'><strong>alienam</strong></span> <span class='ocrx_word' id='word_1_205' title='bbox 404 3496 597 3569; x_wconf 84' lang='lat' dir='ltr'><strong>personam:</strong></span> <span class='ocrx_word' id='word_1_206' title='bbox 623 3473 772 3546; x_wconf 86' lang='lat' dir='ltr'><strong>commisi</strong></span> <span class='ocrx_word' id='word_1_207' title='bbox 788 3479 998 3567; x_wconf 76' lang='lat' dir='ltr'><strong>potestatem:</strong></span> <span class='ocrx_word' id='word_1_208' title='bbox 1015 3469 1063 3540; x_wconf 80' lang='lat' dir='ltr'><strong>Ita</strong></span> <span class='ocrx_word' id='word_1_209' title='bbox 1077 3475 1115 3538; x_wconf 88' lang='lat' dir='ltr'><strong>ut</strong></span> <span class='ocrx_word' id='word_1_210' title='bbox 1126 3467 1169 3538; x_wconf 79' lang='lat' dir='ltr'><strong>hs</strong></span> <span class='ocrx_word' id='word_1_211' title='bbox 1185 3489 1271 3540; x_wconf 88' lang='lat' dir='ltr'><strong>nuno</strong></span> <span class='ocrx_word' id='word_1_212' title='bbox 1287 3476 1320 3538; x_wconf 84' lang='lat' dir='ltr'><strong>et</strong></span> <span class='ocrx_word' id='word_1_213' title='bbox 1336 3467 1485 3561; x_wconf 81' lang='lat' dir='ltr'><strong>deinceps</strong></span> <span class='ocrx_word' id='word_1_214' title='bbox 1497 3478 1676 3540; x_wconf 81' lang='lat' dir='ltr'><strong>memoratu</strong></span> 
     </span>
     <span class='ocr_line' id='line_1_22' title="bbox 251 3589 1675 3694; baseline -0.005 -24"><span class='ocrx_word' id='word_1_215' title='bbox 251 3599 375 3694; x_wconf 81' lang='lat' dir='ltr'><strong>integra</strong></span> <span class='ocrx_word' id='word_1_216' title='bbox 396 3621 463 3671; x_wconf 81' lang='lat' dir='ltr'><strong>nna</strong></span> <span class='ocrx_word' id='word_1_217' title='bbox 486 3599 573 3692; x_wconf 83' lang='lat' dir='ltr'><strong>petie</strong></span> <span class='ocrx_word' id='word_1_218' title='bbox 596 3597 636 3669; x_wconf 89' lang='lat' dir='ltr'><strong>de</strong></span> <span class='ocrx_word' id='word_1_219' title='bbox 659 3605 745 3670; x_wconf 81' lang='lat' dir='ltr'><strong>terra</strong></span> <span class='ocrx_word' id='word_1_220' title='bbox 768 3619 840 3667; x_wconf 83' lang='lat' dir='ltr'><strong>mee</strong></span> <span class='ocrx_word' id='word_1_221' title='bbox 864 3617 930 3690; x_wconf 87' lang='lat' dir='ltr'><strong>que</strong></span> <span class='ocrx_word' id='word_1_222' title='bbox 952 3601 1090 3666; x_wconf 80' lang='lat' dir='ltr'><strong>vocetur</strong></span> <span class='ocrx_word' id='word_1_223' title='bbox 1113 3591 1153 3663; x_wconf 81' lang='lat' dir='ltr'><strong>ed</strong></span> <span class='ocrx_word' id='word_1_224' title='bbox 1168 3601 1306 3685; x_wconf 87' lang='lat' dir='ltr'><strong>puteum</strong></span> <span class='ocrx_word' id='word_1_225' title='bbox 1319 3589 1426 3685; x_wconf 77' lang='lat' dir='ltr'><strong>positu</strong></span> <span class='ocrx_word' id='word_1_226' title='bbox 1439 3591 1475 3662; x_wconf 92' lang='lat' dir='ltr'><strong>in</strong></span> <span class='ocrx_word' id='word_1_227' title='bbox 1492 3601 1675 3664; x_wconf 82' lang='lat' dir='ltr'><strong>memorato</strong></span> 
     </span>
     <span class='ocr_line' id='line_1_23' title="bbox 252 3715 1675 3818; baseline -0.005 -23"><span class='ocrx_word' id='word_1_228' title='bbox 252 3721 324 3795; x_wconf 86' lang='lat' dir='ltr'><strong>loco</strong></span> <span class='ocrx_word' id='word_1_229' title='bbox 339 3723 544 3818; x_wconf 78' lang='lat' dir='ltr'><strong>putiniennm</strong></span> <span class='ocrx_word' id='word_1_230' title='bbox 560 3743 659 3814; x_wconf 80' lang='lat' dir='ltr'><strong>quarn</strong></span> <span class='ocrx_word' id='word_1_231' title='bbox 675 3719 758 3792; x_wconf 87' lang='lat' dir='ltr'><strong>mihi</strong></span> <span class='ocrx_word' id='word_1_232' title='bbox 774 3719 926 3790; x_wconf 76' lang='lat' dir='ltr'><strong>donatam</strong></span> <span class='ocrx_word' id='word_1_233' title='bbox 941 3715 1040 3790; x_wconf 81' lang='lat' dir='ltr'><strong>havet</strong></span> <span class='ocrx_word' id='word_1_234' title='bbox 1055 3716 1221 3812; x_wconf 80' lang='lat' dir='ltr'><strong>quondam</strong></span> <span class='ocrx_word' id='word_1_235' title='bbox 1234 3723 1413 3787; x_wconf 77' lang='lat' dir='ltr'><strong>memoratu</strong></span> <span class='ocrx_word' id='word_1_236' title='bbox 1427 3737 1521 3788; x_wconf 80' lang='lat' dir='ltr'><strong>maru</strong></span> <span class='ocrx_word' id='word_1_237' title='bbox 1537 3715 1675 3788; x_wconf 76' lang='lat' dir='ltr'><strong>honesto</strong></span> 
     </span>
     <span class='ocr_line' id='line_1_24' title="bbox 251 3841 1679 3940; baseline -0.005 -17"><span class='ocrx_word' id='word_1_238' title='bbox 251 3850 371 3923; x_wconf 73' lang='lat' dir='ltr'><strong>demina</strong></span> <span class='ocrx_word' id='word_1_239' title='bbox 395 3849 519 3922; x_wconf 93' lang='lat' dir='ltr'><strong>dudum</strong></span> <span class='ocrx_word' id='word_1_240' title='bbox 542 3847 675 3940; x_wconf 81' lang='lat' dir='ltr'><strong>ooniugi</strong></span> <span class='ocrx_word' id='word_1_241' title='bbox 697 3867 790 3918; x_wconf 80' lang='lat' dir='ltr'><strong>meae</strong></span> <span class='ocrx_word' id='word_1_242' title='bbox 806 3867 865 3939; x_wconf 86' lang='lat' dir='ltr'><strong>per</strong></span> <span class='ocrx_word' id='word_1_243' title='bbox 878 3851 1097 3916; x_wconf 79' lang='lat' dir='ltr'><strong>memoratum</strong></span> <span class='ocrx_word' id='word_1_244' title='bbox 1112 3861 1210 3914; x_wconf 88' lang='lat' dir='ltr'><strong>snum</strong></span> <span class='ocrx_word' id='word_1_245' title='bbox 1225 3841 1417 3937; x_wconf 83' lang='lat' dir='ltr'><strong>dispositum</strong></span> <span class='ocrx_word' id='word_1_246' title='bbox 1432 3843 1491 3938; x_wconf 86' lang='lat' dir='ltr'><strong>qui</strong></span> <span class='ocrx_word' id='word_1_247' title='bbox 1505 3845 1623 3916; x_wconf 82' lang='lat' dir='ltr'><strong>reiaoet</strong></span> <span class='ocrx_word' id='word_1_248' title='bbox 1640 3844 1679 3916; x_wconf 79' lang='lat' dir='ltr'><strong>r‘n</strong></span> 
     </span>
     <span class='ocr_line' id='line_1_25' title="bbox 252 3969 1678 4052; baseline -0.004 -1"><span class='ocrx_word' id='word_1_249' title='bbox 252 3985 432 4052; x_wconf 74' lang='lat' dir='ltr'><strong>memorato</strong></span> <span class='ocrx_word' id='word_1_250' title='bbox 447 3985 559 4047; x_wconf 78' lang='lat' dir='ltr'><strong>sancto</strong></span> <span class='ocrx_word' id='word_1_251' title='bbox 571 3983 680 4046; x_wconf 84' lang='lat' dir='ltr'><strong>restro</strong></span> <span class='ocrx_word' id='word_1_252' title='bbox 692 3971 901 4044; x_wconf 84' lang='lat' dir='ltr'><strong>monasterio:</strong></span> <span class='ocrx_word' id='word_1_253' title='bbox 919 3972 991 4044; x_wconf 85' lang='lat' dir='ltr'><strong>Um</strong></span> <span class='ocrx_word' id='word_1_254' title='bbox 1006 3991 1084 4052; x_wconf 76' lang='lat' dir='ltr'><strong>eum</strong></span> <span class='ocrx_word' id='word_1_255' title='bbox 1099 3969 1271 4043; x_wconf 76' lang='lat' dir='ltr'><strong>erroribus</strong></span> <span class='ocrx_word' id='word_1_256' title='bbox 1283 3981 1317 4044; x_wconf 86' lang='lat' dir='ltr'><strong>et</strong></span> <span class='ocrx_word' id='word_1_257' title='bbox 1331 3971 1466 4044; x_wconf 84' lang='lat' dir='ltr'><strong>introito</strong></span> <span class='ocrx_word' id='word_1_258' title='bbox 1479 3994 1540 4043; x_wconf 86' lang='lat' dir='ltr'><strong>suo</strong></span> <span class='ocrx_word' id='word_1_259' title='bbox 1556 3981 1588 4043; x_wconf 80' lang='lat' dir='ltr'><strong>et</strong></span> <span class='ocrx_word' id='word_1_260' title='bbox 1604 3995 1678 4045; x_wconf 91' lang='lat' dir='ltr'><strong>om·</strong></span> 
     </span>
     <span class='ocr_line' id='line_1_26' title="bbox 253 4093 1677 4194; baseline -0.004 -19"><span class='ocrx_word' id='word_1_261' title='bbox 253 4102 348 4175; x_wconf 86' lang='lat' dir='ltr'><strong>nibus</strong></span> <span class='ocrx_word' id='word_1_262' title='bbox 361 4101 423 4173; x_wconf 76' lang='lat' dir='ltr'><strong>sivi</strong></span> <span class='ocrx_word' id='word_1_263' title='bbox 436 4097 683 4194; x_wconf 82' lang='lat' dir='ltr'><strong>pertinentibus:</strong></span> <span class='ocrx_word' id='word_1_264' title='bbox 700 4098 749 4168; x_wconf 89' lang='lat' dir='ltr'><strong>De</strong></span> <span class='ocrx_word' id='word_1_265' title='bbox 765 4117 831 4190; x_wconf 84' lang='lat' dir='ltr'><strong>que</strong></span> <span class='ocrx_word' id='word_1_266' title='bbox 846 4093 928 4165; x_wconf 88' lang='lat' dir='ltr'><strong>nihil</strong></span> <span class='ocrx_word' id='word_1_267' title='bbox 943 4094 1024 4165; x_wconf 84' lang='lat' dir='ltr'><strong>mihi</strong></span> <span class='ocrx_word' id='word_1_268' title='bbox 1041 4095 1158 4168; x_wconf 83' lang='lat' dir='ltr'><strong>exinde</strong></span> <span class='ocrx_word' id='word_1_269' title='bbox 1168 4095 1322 4168; x_wconf 75' lang='lat' dir='ltr'><strong>remansit</strong></span> <span class='ocrx_word' id='word_1_270' title='bbox 1336 4103 1386 4168; x_wconf 86' lang='lat' dir='ltr'><strong>set</strong></span> <span class='ocrx_word' id='word_1_271' title='bbox 1400 4097 1438 4166; x_wconf 91' lang='lat' dir='ltr'><strong>in</strong></span> <span class='ocrx_word' id='word_1_272' title='bbox 1449 4095 1577 4188; x_wconf 82' lang='lat' dir='ltr'><strong>integro</strong></span> <span class='ocrx_word' id='word_1_273' title='bbox 1592 4098 1677 4170; x_wconf 87' lang='lat' dir='ltr'><strong>sicut</strong></span> 
     </span>
     <span class='ocr_line' id='line_1_27' title="bbox 253 4217 1676 4323; baseline -0.005 -22"><span class='ocrx_word' id='word_1_274' title='bbox 253 4227 398 4323; x_wconf 83' lang='lat' dir='ltr'><strong>superius</strong></span> <span class='ocrx_word' id='word_1_275' title='bbox 411 4223 530 4318; x_wconf 84' lang='lat' dir='ltr'><strong>legitur</strong></span> <span class='ocrx_word' id='word_1_276' title='bbox 544 4231 578 4295; x_wconf 88' lang='lat' dir='ltr'><strong>et</strong></span> <span class='ocrx_word' id='word_1_277' title='bbox 592 4220 731 4318; x_wconf 81' lang='lat' dir='ltr'><strong>qualiter</strong></span> <span class='ocrx_word' id='word_1_278' title='bbox 753 4219 912 4314; x_wconf 84' lang='lat' dir='ltr'><strong>predictus</strong></span> <span class='ocrx_word' id='word_1_279' title='bbox 935 4218 1137 4290; x_wconf 82' lang='lat' dir='ltr'><strong>coherenties</strong></span> <span class='ocrx_word' id='word_1_280' title='bbox 1151 4218 1342 4291; x_wconf 75' lang='lat' dir='ltr'><strong>circundant</strong></span> <span class='ocrx_word' id='word_1_281' title='bbox 1356 4217 1401 4292; x_wconf 84' lang='lat' dir='ltr'><strong>in</strong></span> <span class='ocrx_word' id='word_1_282' title='bbox 1415 4241 1470 4292; x_wconf 85' lang='lat' dir='ltr'><strong>me</strong></span> <span class='ocrx_word' id='word_1_283' title='bbox 1482 4220 1575 4294; x_wconf 79' lang='lat' dir='ltr'><strong>robis</strong></span> <span class='ocrx_word' id='word_1_284' title='bbox 1591 4229 1624 4294; x_wconf 86' lang='lat' dir='ltr'><strong>et</strong></span> <span class='ocrx_word' id='word_1_285' title='bbox 1639 4222 1676 4294; x_wconf 89' lang='lat' dir='ltr'><strong>in</strong></span> 
     </span>
     <span class='ocr_line' id='line_1_28' title="bbox 254 4345 1675 4440; baseline -0.004 -12"><span class='ocrx_word' id='word_1_286' title='bbox 254 4359 433 4430; x_wconf 75' lang='lat' dir='ltr'><strong>memorato</strong></span> <span class='ocrx_word' id='word_1_287' title='bbox 454 4359 564 4424; x_wconf 81' lang='lat' dir='ltr'><strong>saneto</strong></span> <span class='ocrx_word' id='word_1_288' title='bbox 580 4357 613 4422; x_wconf 86' lang='lat' dir='ltr'><strong>et</strong></span> <span class='ocrx_word' id='word_1_289' title='bbox 628 4345 806 4420; x_wconf 84' lang='lat' dir='ltr'><strong>venerabili</strong></span> <span class='ocrx_word' id='word_1_290' title='bbox 820 4354 929 4420; x_wconf 85' lang='lat' dir='ltr'><strong>vestro</strong></span> <span class='ocrx_word' id='word_1_291' title='bbox 944 4345 1141 4420; x_wconf 76' lang='lat' dir='ltr'><strong>monasterio</strong></span> <span class='ocrx_word' id='word_1_292' title='bbox 1153 4347 1195 4421; x_wconf 85' lang='lat' dir='ltr'><strong>sit</strong></span> <span class='ocrx_word' id='word_1_293' title='bbox 1209 4347 1324 4424; x_wconf 76' lang='lat' dir='ltr'><strong>offerte</strong></span> <span class='ocrx_word' id='word_1_294' title='bbox 1338 4355 1372 4418; x_wconf 80' lang='lat' dir='ltr'><strong>et</strong></span> <span class='ocrx_word' id='word_1_295' title='bbox 1386 4348 1503 4440; x_wconf 74' lang='lat' dir='ltr'><strong>trudito</strong></span> <span class='ocrx_word' id='word_1_296' title='bbox 1516 4348 1552 4420; x_wconf 91' lang='lat' dir='ltr'><strong>in</strong></span> <span class='ocrx_word' id='word_1_297' title='bbox 1567 4359 1675 4423; x_wconf 77' lang='lat' dir='ltr'><strong>vestra</strong></span> 
     </span>
     <span class='ocr_line' id='line_1_29' title="bbox 253 4473 1676 4579; baseline -0.003 -25"><span class='ocrx_word' id='word_1_298' title='bbox 253 4482 452 4579; x_wconf 74' lang='lat' dir='ltr'><strong>posterisque</strong></span> <span class='ocrx_word' id='word_1_299' title='bbox 474 4478 590 4552; x_wconf 84' lang='lat' dir='ltr'><strong>vestris</strong></span> <span class='ocrx_word' id='word_1_300' title='bbox 612 4486 646 4550; x_wconf 87' lang='lat' dir='ltr'><strong>et</strong></span> <span class='ocrx_word' id='word_1_301' title='bbox 661 4477 701 4548; x_wconf 92' lang='lat' dir='ltr'><strong>de</strong></span> <span class='ocrx_word' id='word_1_302' title='bbox 724 4482 904 4549; x_wconf 81' lang='lat' dir='ltr'><strong>memorato</strong></span> <span class='ocrx_word' id='word_1_303' title='bbox 927 4485 1037 4546; x_wconf 77' lang='lat' dir='ltr'><strong>saneto</strong></span> <span class='ocrx_word' id='word_1_304' title='bbox 1054 4483 1087 4548; x_wconf 84' lang='lat' dir='ltr'><strong>et</strong></span> <span class='ocrx_word' id='word_1_305' title='bbox 1101 4473 1279 4547; x_wconf 73' lang='lat' dir='ltr'><strong>venerabili</strong></span> <span class='ocrx_word' id='word_1_306' title='bbox 1296 4481 1405 4546; x_wconf 81' lang='lat' dir='ltr'><strong>vestro</strong></span> <span class='ocrx_word' id='word_1_307' title='bbox 1421 4477 1616 4548; x_wconf 79' lang='lat' dir='ltr'><strong>monasterio</strong></span> <span class='ocrx_word' id='word_1_308' title='bbox 1633 4479 1676 4550; x_wconf 83' lang='lat' dir='ltr'><strong>sit</strong></span> 
     </span>
     <span class='ocr_line' id='line_1_30' title="bbox 256 4597 1675 4704; baseline -0.003 -26"><span class='ocrx_word' id='word_1_309' title='bbox 256 4615 444 4704; x_wconf 73' lang='lat' dir='ltr'><strong>potestatem</strong></span> <span class='ocrx_word' id='word_1_310' title='bbox 459 4601 619 4698; x_wconf 88' lang='lat' dir='ltr'><strong>quidquid</strong></span> <span class='ocrx_word' id='word_1_311' title='bbox 635 4599 753 4672; x_wconf 88' lang='lat' dir='ltr'><strong>exinde</strong></span> <span class='ocrx_word' id='word_1_312' title='bbox 766 4601 873 4670; x_wconf 74' lang='lat' dir='ltr'><strong>faeere</strong></span> <span class='ocrx_word' id='word_1_313' title='bbox 887 4597 1075 4670; x_wconf 82' lang='lat' dir='ltr'><strong>volueritis:</strong></span> <span class='ocrx_word' id='word_1_314' title='bbox 1101 4607 1135 4671; x_wconf 82' lang='lat' dir='ltr'><strong>et</strong></span> <span class='ocrx_word' id='word_1_315' title='bbox 1150 4619 1261 4692; x_wconf 80' lang='lat' dir='ltr'><strong>neque</strong></span> <span class='ocrx_word' id='word_1_316' title='bbox 1273 4621 1293 4669; x_wconf 75' lang='lat' dir='ltr'><strong>a</strong></span> <span class='ocrx_word' id='word_1_317' title='bbox 1303 4617 1359 4670; x_wconf 87' lang='lat' dir='ltr'><strong>me</strong></span> <span class='ocrx_word' id='word_1_318' title='bbox 1369 4607 1552 4670; x_wconf 70' lang='lat' dir='ltr'><strong>memorato</strong></span> <span class='ocrx_word' id='word_1_319' title='bbox 1565 4623 1675 4674; x_wconf 76' lang='lat' dir='ltr'><strong>maon·</strong></span> 
     </span>
     <span class='ocr_line' id='line_1_31' title="bbox 256 4721 1682 4826; baseline -0.003 -19"><span class='ocrx_word' id='word_1_320' title='bbox 256 4736 308 4807; x_wconf 89' lang='lat' dir='ltr'><strong>rio</strong></span> <span class='ocrx_word' id='word_1_321' title='bbox 323 4728 486 4805; x_wconf 87' lang='lat' dir='ltr'><strong>momeho</strong></span> <span class='ocrx_word' id='word_1_322' title='bbox 497 4726 558 4826; x_wconf 89' lang='lat' dir='ltr'><strong>qui</strong></span> <span class='ocrx_word' id='word_1_323' title='bbox 573 4725 674 4797; x_wconf 77' lang='lat' dir='ltr'><strong>laicus</strong></span> <span class='ocrx_word' id='word_1_324' title='bbox 688 4721 816 4795; x_wconf 80' lang='lat' dir='ltr'><strong>marino</strong></span> <span class='ocrx_word' id='word_1_325' title='bbox 830 4724 889 4820; x_wconf 89' lang='lat' dir='ltr'><strong>qui</strong></span> <span class='ocrx_word' id='word_1_326' title='bbox 905 4745 1121 4818; x_wconf 81' lang='lat' dir='ltr'><strong>supranomen</strong></span> <span class='ocrx_word' id='word_1_327' title='bbox 1137 4721 1254 4795; x_wconf 76' lang='lat' dir='ltr'><strong>silliuto</strong></span> <span class='ocrx_word' id='word_1_328' title='bbox 1269 4723 1428 4796; x_wconf 73' lang='lat' dir='ltr'><strong>clametur</strong></span> <span class='ocrx_word' id='word_1_329' title='bbox 1440 4747 1547 4821; x_wconf 88' lang='lat' dir='ltr'><strong>neque</strong></span> <span class='ocrx_word' id='word_1_330' title='bbox 1563 4731 1682 4803; x_wconf 75' lang='lat' dir='ltr'><strong>amois</strong></span> 
     </span>
     <span class='ocr_line' id='line_1_32' title="bbox 260 4847 1678 4947; baseline -0.002 -17"><span class='ocrx_word' id='word_1_331' title='bbox 260 4855 430 4933; x_wconf 79' lang='lat' dir='ltr'><strong>hereddrus</strong></span> <span class='ocrx_word' id='word_1_332' title='bbox 445 4875 505 4928; x_wconf 84' lang='lat' dir='ltr'><strong>nec</strong></span> <span class='ocrx_word' id='word_1_333' title='bbox 528 4875 548 4923; x_wconf 78' lang='lat' dir='ltr'><strong>a</strong></span> <span class='ocrx_word' id='word_1_334' title='bbox 571 4850 664 4923; x_wconf 88' lang='lat' dir='ltr'><strong>nobis</strong></span> <span class='ocrx_word' id='word_1_335' title='bbox 679 4847 824 4945; x_wconf 83' lang='lat' dir='ltr'><strong>personis</strong></span> <span class='ocrx_word' id='word_1_336' title='bbox 838 4848 1038 4922; x_wconf 86' lang='lat' dir='ltr'><strong>summissis:</strong></span> <span class='ocrx_word' id='word_1_337' title='bbox 1065 4849 1157 4922; x_wconf 90' lang='lat' dir='ltr'><strong>nullo</strong></span> <span class='ocrx_word' id='word_1_338' title='bbox 1173 4855 1321 4943; x_wconf 68' lang='lat' dir='ltr'><strong>teum</strong></span> <span class='ocrx_word' id='word_1_339' title='bbox 1335 4871 1516 4947; x_wconf 74' lang='lat' dir='ltr'><strong>numquam</strong></span> <span class='ocrx_word' id='word_1_340' title='bbox 1531 4876 1590 4926; x_wconf 83' lang='lat' dir='ltr'><strong>voe</strong></span> <span class='ocrx_word' id='word_1_341' title='bbox 1605 4877 1678 4927; x_wconf 84' lang='lat' dir='ltr'><strong>me-</strong></span> 
     </span>
     <span class='ocr_line' id='line_1_33' title="bbox 259 4976 1682 5075; baseline -0.002 -18"><span class='ocrx_word' id='word_1_342' title='bbox 259 4993 385 5057; x_wconf 72' lang='lat' dir='ltr'><strong>morato</strong></span> <span class='ocrx_word' id='word_1_343' title='bbox 399 4981 534 5057; x_wconf 88' lang='lat' dir='ltr'><strong>domino</strong></span> <span class='ocrx_word' id='word_1_344' title='bbox 541 4977 651 5075; x_wconf 76' lang='lat' dir='ltr'><strong>sergi)</strong></span> <span class='ocrx_word' id='word_1_345' title='bbox 661 4976 806 5052; x_wconf 87' lang='lat' dir='ltr'><strong>ummilis</strong></span> <span class='ocrx_word' id='word_1_346' title='bbox 817 4976 971 5074; x_wconf 76' lang='lat' dir='ltr'><strong>igumeno</strong></span> <span class='ocrx_word' id='word_1_347' title='bbox 982 4985 1038 5049; x_wconf 80' lang='lat' dir='ltr'><strong>aut</strong></span> <span class='ocrx_word' id='word_1_348' title='bbox 1048 4977 1184 5072; x_wconf 79' lang='lat' dir='ltr'><strong>posteris</strong></span> <span class='ocrx_word' id='word_1_349' title='bbox 1195 4977 1313 5054; x_wconf 69' lang='lat' dir='ltr'><strong>rems</strong></span> <span class='ocrx_word' id='word_1_350' title='bbox 1327 4977 1382 5054; x_wconf 76' lang='lat' dir='ltr'><strong>rel</strong></span> <span class='ocrx_word' id='word_1_351' title='bbox 1397 4987 1595 5054; x_wconf 70' lang='lat' dir='ltr'><strong>mmmmm</strong></span> <span class='ocrx_word' id='word_1_352' title='bbox 1607 5003 1682 5054; x_wconf 81' lang='lat' dir='ltr'><strong>sen-</strong></span> 
     </span>
    </p>
   </div>
   <div class='ocr_carea' id='block_1_5' title="bbox 0 0 2442 6528">
    <p class='ocr_par' dir='ltr' id='par_1_5' title="bbox 0 0 2442 6528">
     <span class='ocr_line' id='line_1_34' title="bbox 0 0 2442 6528; baseline 0 0"><span class='ocrx_word' id='word_1_353' title='bbox 0 0 2442 6528; x_wconf 95' lang='lat' dir='ltr'><strong> </strong></span> 
     </span>
    </p>
   </div>
  </div>
 </body>
</html>
