4876 6532
671 1217 721 1263 an.
880 1199 911 1292 †
933 1197 971 1267 ln
994 1193 1123 1265 nomine
1140 1188 1263 1261 domiui
1279 1186 1332 1258 dei
1346 1184 1514 1256 salvatoris
1528 1181 1633 1254 nostri
1647 1179 1720 1252 Iesu
1737 1179 1856 1254 Christi
1873 1183 2053 1278 imperante
2066 1182 2198 1260 domino

646 1329 732 1392 957.
785 1332 896 1400 nostro
918 1321 1124 1396 Consentium
1147 1314 1378 1410 porfirogeuito
1392 1333 1511 1403 magno
1527 1311 1724 1404 Imperatore
1738 1333 1822 1384 auno
1845 1313 2084 1408 quadrigesimo
2100 1333 2197 1382 nono.

783 1455 841 1528 sed
859 1459 892 1522 et
907 1471 1034 1520 reasons
1056 1463 1174 1534 magno
1190 1443 1385 1530 Imperatore
1402 1435 1472 1505 eius
1495 1435 1564 1506 filio
1587 1459 1671 1507 anno
1694 1438 1898 1510 duodecimo.
1915 1437 1985 1540 vDie
2009 1436 2199 1510 duodecimo
2318 1427 2319 1430 ¹

783 1579 896 1650 'masis
917 1568 1070 1643 februarii
1094 1565 1267 1637 indictione
1290 1562 1528 1658 quintadecima
1551 1565 1691 1658 neapoli.
1721 1565 1852 1638 Certum
1873 1573 1923 1636 est
1944 1586 2002 1636 nos
2025 1564 2200 1635 iohannem

788 1697 943 1773 humilem
953 1689 1164 1786 presbiterum
1175 1687 1278 1757 filium
1293 1687 1457 1782 quondam
1471 1685 1694 1782 ubaudelperti
1710 1689 1914 1760 vicedomini.
1925 1711 2087 1786 quamque
2100 1688 2200 1760 drosu

789 1827 920 1898 honesta
943 1819 1061 1891 femina
1084 1815 1149 1890 tilia
1164 1817 1328 1912 quondam
1345 1812 1467 1886 domiui
1483 1814 1590 1886 basilii
1608 1814 1767 1886 monachi
1791 1839 1867 1886 cum
1882 1816 2044 1886 voluntate
2061 1811 2200 1906 presenti

789 1948 911 2024 domiui
938 1946 1071 2018 iohanni
1093 1947 1151 2042 qui
1176 1965 1272 2040 supra
1295 1965 1413 2018 nomen
1444 1941 1547 2014 lasani
1569 1942 1634 2015 riri
1657 1942 1750 2013 meix
1785 1965 1845 2013 nec
1867 1963 1933 2012 nou
1956 1940 2145 2034 stephanum
2168 1947 2200 2010 et
2333 1983 2337 1990 ·

790 2081 962 2152 iohannem
984 2076 1145 2172 germanis
1168 2075 1242 2146 liliis
1265 2074 1428 2169 quondam
1457 2071 1582 2145 domini
1604 2071 1703 2144 leoni.
1729 2081 1762 2143 et
1784 2070 1871 2140 idem
1903 2067 2076 2141 iohannem
2099 2067 2201 2138 filium

790 2207 922 2303 quidem
952 2205 1040 2278 idem
1069 2204 1190 2277 domiui
1213 2201 1301 2274 leoni
1322 2225 1389 2273 una
1411 2223 1487 2272 cum
1517 2199 1682 2275 voluntate
1717 2195 1876 2270 nominati
1912 2194 2052 2290 genitori
2080 2193 2145 2264 mei
2169 2205 2202 2266 et

789 2355 867 2406 cum
890 2331 1054 2403 voluntate
1076 2331 1177 2400 marie
1200 2327 1331 2397 lronmte
1355 2324 1473 2395 terniue
1498 2323 1556 2416 qui
1579 2347 1676 2416 supra
1699 2343 1818 2393 nomen
1833 2319 1947 2392 sillicte
1962 2317 2093 2410 coniugi
2109 2341 2201 2390 mee:

792 2481 850 2530 seu
873 2455 1029 2551 eupraxia
1053 2453 1111 2546 qui
1133 2473 1229 2544 supra
1251 2471 1371 2520 nomeu
1393 2469 1520 2540 gemma
1535 2457 1568 2515 et
1592 2447 1764 2516 iohannem
1787 2443 1949 2537 germanis
1964 2446 2028 2516 filia
2045 2454 2078 2516 et
2101 2445 2205 2514 filium

761 2635 762 2639 η
793 2579 960 2673 quondam
982 2575 1106 2650 domini
1129 2571 1271 2666 gregorii
1293 2593 1356 2666 ego
1378 2593 1458 2642 uero
1492 2569 1656 2639 nominata
1689 2567 1843 2660 eupraxia
1867 2589 1932 2660 que
1954 2589 2050 2659 supre
2086 2589 2206 2637 nomen

783 2723 922 2796 -gemmo
944 2723 1021 2774 cum
1043 2721 1233 2771 consensum
1256 2694 1395 2790 presenti
1418 2693 1503 2766 idem
1527 2693 1648 2762 domini
1672 2691 1814 2784 gregorii
1830 2691 1894 2762 viri
1910 2691 1996 2761 mei:
2015 2691 2120 2784 adque
2134 2691 2206 2760 leo·

793 2851 870 2898 nem
891 2837 924 2899 et
945 2827 1131 2922 gregorium
1155 2845 1212 2894 seu
1244 2817 1469 2892 theodonanda
1497 2816 1630 2886 honesta
1666 2815 1783 2886 femina
1814 2814 1976 2906 germanis
1998 2823 2031 2886 et
2053 2836 2206 2906 germana

796 2953 872 3023 filiis
895 2963 928 3023 et
950 2954 1015 3022 filia
1038 2935 1169 3044 ipuidem
1193 2947 1316 3018 domini
1339 2945 1472 3016 iohanni
1494 2941 1654 3015 monachi.
1678 2949 1814 3036 retego
1837 2948 2033 3012 memoratus
2056 2941 2107 3012 leo
2130 2965 2206 3015 cum

797 3072 963 3143 voluntate
988 3093 1115 3163 gemma
1137 3069 1271 3140 honeste
1295 3068 1413 3138 lemine
1436 3066 1567 3156 coniugi
1581 3087 1653 3134 mee
1668 3072 1701 3150 et
1714 3085 1776 3156 ego
1793 3073 1969 3134 memorate
1985 3064 2206 3140 theodonnnda

798 3199 931 3269 honesta
954 3198 1072 3270 femina
1095 3219 1170 3266 eum
1199 3195 1363 3266 volontate
1396 3191 1538 3284 presenti
1571 3189 1693 3260 domiui
1722 3188 1854 3260 iohanni
1881 3190 1940 3284 qui
1970 3212 2067 3284 supro
2090 3213 2208 3264 nomen

798 3321 911 3415 pictuli
933 3319 997 3391 viri
1020 3319 1106 3388 meix
1132 3319 1196 3386 hoc
1218 3328 1266 3384 est
1287 3324 1432 3409 parentes
1456 3321 1489 3386 et
1511 3323 1674 3384 consortes
1697 3334 1755 3384 seu
1779 3313 1928 3388 dominiis
1955 3307 2208 3412 ecclesieroci-

800 3445 879 3518 bulo
902 3447 986 3516 santi
1009 3442 1141 3516 iohanni
1165 3442 1381 3534 eubangelistn
1403 3441 1463 3512 sita
1488 3463 1567 3512 vero
1590 3440 1625 3512 in
1648 3443 1720 3514 vico
1740 3443 1798 3538 qui
1821 3451 1955 3515 vocatur
1970 3451 2039 3515 trea
2062 3446 2126 3514 lata
2150 3447 2212 3539 qui

801 3583 835 3648 et
856 3573 1035 3646 carrariam
1057 3563 1181 3642 dicitur
1199 3569 1331 3662 regione
1353 3570 1446 3662 porti
1468 3569 1551 3640 santi
1573 3569 1731 3640 ianuarii:
1757 3569 1854 3642 etiam
1876 3593 1939 3664 ego
1961 3573 2144 3644 nominatus
2159 3574 2210 3644 leo

804 3699 872 3769 lilio
894 3695 1051 3770 nominati
1074 3693 1197 3766 domini
1215 3682 1354 3762 iohanni
1376 3691 1527 3782 monachi
1544 3715 1617 3763 sum
1632 3694 1750 3766 iterum
1769 3693 1913 3766 dominio
1931 3693 2063 3764 ecclesie
2080 3695 2210 3786 proprie

805 3843 876 3890 mee
899 3818 1058 3890 vocabulo
1081 3817 1174 3888 heote
1197 3816 1321 3908 agnetis
1344 3815 1402 3907 qui
1426 3814 1488 3884 sita
1511 3837 1580 3886 esse
1603 3816 1732 3885 videtur
1759 3791 1846 3886 intus
1869 3816 2002 3887 domum
2023 3839 2145 3888 meam:
2182 3817 2212 3886 Α

805 3947 943 4040 presenti
966 3947 1019 4014 die
1042 3941 1279 4034 promptissima
1303 3940 1466 4010 voluntate
1489 3941 1743 4012 venundedimus
1766 3951 1799 4011 et
1821 3943 2009 4014 tradidimus
2033 3943 2123 4015 vobis
2148 3945 2214 4016 do-

807 4073 896 4140 mino
920 4069 1026 4158 sergio
1041 4066 1217 4137 venerabili
1232 4065 1385 4156 igumeno
1401 4065 1588 4136 monasterii
1604 4076 1786 4136 sanctorum
1802 4067 1887 4160 sergi
1902 4077 1935 4138 et
1949 4068 2044 4140 bachi
2057 4069 2114 4163 qui
2129 4093 2228 4140 nuno

806 4199 1019 4284 congregatos
1040 4211 1076 4260 es
1099 4189 1134 4262 iu
1148 4187 1343 4258 monasterio
1366 4181 1534 4258 beatorum
1558 4188 1704 4258 theodori
1722 4199 1755 4260 et
1768 4191 1936 4264 sebastiani
1959 4193 2017 4287 qui
2041 4194 2216 4285 appellatur

807 4317 972 4410 Gasapicta
995 4316 1092 4386 situm
1115 4316 1150 4386 in
1172 4313 1338 4385 viridarior
1365 4313 1459 4383 lDest
1480 4313 1606 4404 integra
1629 4337 1693 4384 una
1717 4323 1802 4386 terra
1826 4327 1933 4387 nostra
1947 4341 2012 4412 que
2027 4327 2162 4390 vocatur
2178 4319 2217 4390 ad

811 4442 873 4512 tine
896 4461 961 4510 uun
984 4460 1059 4510 cum
1082 4437 1238 4508 olibetum
1272 4459 1368 4508 suum
1392 4447 1524 4508 etcum
1557 4438 1715 4518 fractores
1738 4439 1797 4532 qui
1832 4439 1952 4512 ibidem
1984 4451 2058 4512 sunt
2086 4451 2218 4512 etcum

811 4563 941 4656 scapula
963 4585 1021 4632 seu
1055 4561 1187 4656 planum
1210 4561 1251 4630 de
1273 4559 1346 4628 ribo
1370 4559 1433 4630 fine
1464 4582 1549 4652 aqua
1571 4583 1614 4630 ex
1638 4561 1707 4654 ipso
1740 4563 1813 4632 rino
1835 4566 1924 4656 quod
1946 4573 1994 4636 est
2016 4564 2050 4634 in
2074 4589 2141 4637 uuo
2163 4577 2219 4638 te-

715 4710 722 4720 ·
812 4691 931 4762 nientia
954 4689 1050 4762 simul
1073 4708 1148 4760 eum
1171 4685 1339 4758 introitum
1362 4707 1457 4754 suum
1480 4685 1696 4783 omnibusque
1719 4688 1780 4757 sivi
1810 4688 2001 4780 generaliter
2023 4692 2218 4784 pertinenti·

813 4816 874 4888 bus
897 4816 986 4908 quod
1001 4823 1048 4884 est
1063 4812 1142 4883 iuris
1165 4813 1327 4884 nominate
1351 4809 1474 4884 duabus
1498 4811 1637 4883 ecclesiis
1659 4813 1776 4882 nostris
1792 4835 1855 4883 uno
1869 4837 1948 4885 vero
1965 4817 2095 4887 ecclesia
2117 4819 2219 4888 sancti

812 4941 961 5012 iohannis
983 4937 1162 5009 comuniter
1185 4946 1292 5007 nostra
1315 4938 1355 5006 de
1379 4957 1502 5008 omues.
1528 4936 1589 5006 alie
1612 4945 1718 5008 sancte
1749 4939 1871 5030 agnetis
1901 4943 2030 5034 propria
2056 4967 2126 5014 mea
2151 4969 2218 5014 uo-

815 5067 927 5144 miuati
949 5066 1056 5138 leoni:
1095 5063 1272 5136 coherente
1294 5062 1355 5134 sivi
1378 5063 1461 5132 iuter
1484 5063 1601 5134 adfines
1636 5065 1698 5134 hals
1721 5087 1787 5136 uuo
1811 5066 1907 5140 latere
1942 5077 2032 5161 parte
2062 5069 2219 5139 horientis
