4854 6528
961 549 1107 645 (αρε)

291 701 402 776 remisi
425 723 501 775 cum
528 699 640 773 omnia
663 721 728 796 que
751 699 928 773 continent.
954 703 1002 776 De
1025 727 1091 800 qna
1114 705 1196 779 nihil
1219 707 1302 782 mihi
1332 709 1449 782 exinde
1483 710 1647 784 remansid
1670 719 1718 784 set

290 830 326 904 iu
348 831 475 926 integro
497 828 589 902 sicud
611 827 760 924 superins
782 829 914 923 legitur.
940 857 959 902 a
982 833 1152 908 merobis
1185 836 1234 908 sid
1261 837 1482 912 venundatum
1505 848 1538 914 et
1561 841 1716 914 traditum

290 953 326 1027 iu
348 962 454 1028 vestus
477 953 683 1048 vestrisque:
710 952 882 1030 heredibus
904 955 954 1028 eid
976 966 1166 1052 potestatem
1189 961 1348 1058 quidquid
1380 962 1498 1038 exinde
1521 967 1626 1041 facee
1650 987 1718 1038 vo·

288 1080 414 1156 lueritis
436 1081 576 1154 liberum
598 1078 744 1154 babeatis
766 1091 977 1178 potestatem:
1004 1094 1037 1159 et
1059 1107 1167 1182 nequa
1182 1109 1201 1156 a
1216 1107 1268 1160 rna
1284 1099 1466 1162 memorato
1481 1091 1586 1166 cicino
1609 1117 1718 1192 neqm

288 1205 414 1278 ameis
436 1205 610 1280 heredibus
642 1229 702 1278 nec
733 1231 753 1276 a
783 1205 877 1278 nobis
900 1207 1071 1302 personis:
1106 1208 1295 1284 summissis.
1327 1211 1417 1284 nulio
1440 1221 1585 1309 tempore
1613 1241 1718 1290 uum-

288 1356 390 1431 qnam
412 1355 473 1408 ros
495 1343 677 1408 memorato
699 1334 855 1430 gregorm
888 1317 1101 1408 calciolsrieffi
1127 1347 1160 1408 et
1182 1360 1278 1412 maru
1302 1339 1455 1436 iugulesc
1481 1349 1514 1412 et
1536 1352 1629 1436 petro
1652 1345 1716 1418 hoc

287 1470 338 1536 est
351 1461 505 1557 genitoris
519 1471 553 1536 et
568 1462 636 1535 tilio
651 1473 706 1536 aut
721 1461 856 1538 heredes
870 1461 985 1537 vestris
1006 1463 1096 1560 quod
1118 1463 1209 1542 obsid
1232 1465 1375 1540 habeatis
1397 1468 1515 1543 exinde
1539 1469 1714 1566 aliquando

287 1607 494 1684 quecumque
516 1585 726 1682 requisitione
749 1595 806 1666 aut
827 1585 1008 1668 molestiam
1032 1609 1154 1662 annuc
1176 1591 1210 1662 et
1232 1589 1465 1684 imperpetuis:
1491 1593 1710 1688 temporibus:

287 1715 422 1812 Insuper
445 1715 536 1788 omni
570 1724 716 1810 tempore
739 1739 802 1812 ego
824 1717 879 1790 rel
899 1715 1035 1790 heredes
1066 1717 1148 1794 meis
1170 1717 1266 1790 vohis
1298 1717 1504 1814 vestrisque:
1544 1720 1716 1796 heredibus

288 1839 404 1914 exinde
428 1862 469 1912 av
482 1840 572 1914 omni
595 1839 705 1916 omine
719 1838 899 1938 bomuique
914 1863 1071 1936 persona:
1097 1839 1132 1912 iu
1154 1832 1304 1920 omnibus
1328 1853 1485 1916 antestare
1500 1853 1533 1916 et
1548 1844 1715 1920 defensare

286 1963 473 2038 dereamuss
491 1965 676 2038 ostendente
690 1987 749 2038 roa
762 1964 814 2037 rel
824 1965 958 2039 heredes
972 1965 1087 2038 restris
1100 1964 1182 2036 mihi
1193 1965 1339 2061 meisque
1352 1965 1523 2041 heredibus
1534 1978 1714 2042 memorate

286 2086 411 2162 duabus
435 2085 581 2162 chartule
603 2111 669 2184 que
694 2087 780 2184 apud
802 2109 861 2160 vos
883 2086 994 2162 remisi
1008 2085 1102 2164 etsie
1117 2109 1180 2182 ego
1203 2087 1256 2160 sel
1278 2085 1412 2164 bmedes
1435 2088 1516 2164 meis
1540 2090 1633 2165 robis
1648 2115 1715 2166 re-

284 2215 443 2312 str'uqner
469 2215 640 2290 heredibus
664 2217 813 2290 autistere
836 2224 870 2288 et
892 2216 1058 2292 defensare
1081 2213 1281 2295 emano:
1307 2239 1369 2312 pro
1392 2237 1433 2292 eo
1455 2217 1546 2314 quod
1568 2217 1603 2289 iu
1627 2243 1711 2314 pra-

284 2338 384 2411 sentis
407 2338 524 2412 exinde
547 2337 655 2431 accepi
679 2363 699 2410 a
720 2339 813 2410 vobis
836 2363 877 2412 oo
900 2350 949 2416 est
972 2339 1045 2414 auri
1076 2337 1195 2414 solidos
1221 2359 1280 2413 sex
1303 2337 1532 2436 hythianteos:
1563 2349 1602 2414 ut
1629 2341 1716 2416 inter

283 2462 378 2536 nohis
400 2463 585 2536 combenitr
611 2461 842 2534 Verumtamen
856 2462 943 2534 stadt
958 2463 1042 2535 inter
1055 2463 1149 2537 nohis
1165 2471 1202 2536 ut
1216 2465 1244 2536 si
1258 2471 1436 2542 memorata
1451 2461 1597 2536 cbartuh
1613 2487 1714 2558 com·

283 2591 457 2688 parationis
480 2614 553 2666 mea
576 2613 677 2700 quam
699 2591 858 2686 perditam
879 2611 961 2662 areo
983 2589 1114 2664 iuventa
1137 2591 1262 2667 dederis
1277 2594 1365 2690 apud
1379 2617 1432 2670 me
1448 2594 1500 2668 rel
1518 2594 1605 2690 apud
1621 2564 1714 2670 meos

123 2782 129 2794 .
282 2719 417 2794 heredes
441 2727 518 2792 tunc
539 2719 634 2803 robis
666 2717 872 2815 vestrisques
902 2715 1076 2792 heredibus
1098 2717 1154 2790 ilh
1177 2721 1254 2794 dare
1285 2719 1483 2798 dereamus:
1510 2719 1594 2792 etsi
1625 2721 1713 2816 epud

282 2847 428 2944 quelibet
452 2847 513 2920 slis
545 2871 682 2944 persona
713 2846 844 2920 inventa
875 2847 1001 2920 dederis
1032 2845 1102 2920 siud
1132 2847 1237 2920 inanis
1271 2857 1305 2922 et
1335 2848 1439 2920 bacun
1470 2849 1654 2920 nullam'in
1677 2871 1713 2922 se

284 2973 388 3049 abeed
413 2939 596 3048 firmitatem
618 2984 652 3048 et
674 2995 736 3070 ego
761 2973 814 3048 rel
838 2972 971 3046 heredes
992 2970 1075 3046 meis
1098 2969 1192 3044 vobis
1214 2967 1423 3066 vestrisquer
1457 2969 1632 3042 heredibus
1655 2969 1712 3042 ille

280 3100 382 3174 tacita
404 3102 508 3174 fucere
534 3099 719 3172 demamus.
743 3099 771 3171 si
793 3107 903 3172 autem
926 3096 1018 3172 aliter
1049 3097 1157 3172 fecero
1184 3117 1247 3192 ego
1271 3093 1324 3168 vel
1346 3093 1481 3169 heredes
1513 3095 1594 3167 meh
1617 3093 1712 3167 deis
1755 3147 1759 3152 -

278 3213 434 3300 omnibus
466 3228 654 3300 memoratis
675 3234 714 3300 ut
735 3247 832 3322 super
865 3225 984 3322 legitur
1008 3247 1068 3324 per
1090 3224 1237 3321 quolirct
1260 3225 1396 3298 modum
1420 3233 1476 3295 eut
1499 3219 1679 3294 summissis
1698 3242 1707 3290 r

278 3353 448 3450 personis:
474 3363 551 3426 tunc
574 3353 798 3450 componimus
822 3350 915 3424 robis
936 3349 1139 3445 restrisqnec
1156 3401 1159 3406 ·
1174 3345 1346 3420 heredibus
1370 3345 1443 3416 auri
1475 3343 1595 3416 solidos
1618 3344 1709 3418 dno.-

283 3481 389 3554 decim
413 3481 640 3578 bythiauteosr
666 3491 699 3555 et
721 3481 783 3554 hec
805 3475 951 3552 chartula
973 3475 1169 3550 venditionis
1191 3484 1230 3552 ut
1251 3495 1349 3570 snper
1372 3471 1491 3566 legitur
1514 3471 1565 3544 sid
1588 3469 1703 3542 firma:

281 3605 400 3700 scripta
423 3629 482 3702 per
505 3629 619 3678 manus
648 3607 746 3701 sergii
777 3603 908 3676 curialis
930 3625 989 3698 per
1011 3609 1189 3675 memorata
1218 3596 1402 3670 indictione
1434 3594 1498 3667 hoc
1521 3593 1652 3688 signum
1676 3593 1708 3688 †

280 3753 397 3806 manus
420 3743 600 3808 memorato
633 3733 737 3810 cicino
768 3733 859 3827 quod
881 3751 944 3828 ego
968 3729 1027 3827 qui
1049 3733 1247 3802 memoratos
1270 3725 1312 3800 sb
1336 3725 1384 3800 eis
1409 3729 1541 3818 rogatus
1577 3741 1639 3814 pro
1664 3741 1707 3792 eo

283 3857 459 3954 subscripsi
482 3869 514 3930 et
537 3865 733 3931 memoratos
756 3855 873 3930 solidos
897 3857 1061 3928 consessus
1083 3849 1309 3950 percepisse†

375 3985 407 4080 †
429 4009 492 4081 ego
515 3994 625 4081 petrns
647 3982 731 4056 fitius
754 3982 880 4056 domiui
902 3981 1038 4077 aligerni
1060 3991 1193 4078 rogatam
1215 4005 1236 4054 a
1259 3977 1476 4076 suprascripto
1498 3975 1605 4046 cicino
1627 3973 1703 4047 testi

279 4115 453 4212 subscripsi
476 4125 509 4188 et
530 4113 762 4210 suprascriptos
785 4111 906 4184 solidos
928 4112 1093 4184 confessus
1115 4109 1296 4206 percepisse
1319 4105 1351 4204 †

374 4241 407 4338 †
429 4264 491 4338 ego
513 4241 668 4314 iohsuues
691 4240 777 4312 filius
800 4237 925 4310 domini
947 4238 1061 4312 cesarii
1083 4248 1216 4334 rogatus
1232 4261 1250 4308 a
1266 4235 1486 4331 suprascripto
1506 4230 1611 4306 cicino
1628 4229 1703 4304 testi

277 4371 450 4468 subscripsi
473 4381 507 4444 et
528 4369 760 4466 suprascriptos
783 4365 903 4440 solidos
925 4369 1089 4440 confessus
1112 4365 1291 4462 percepisse
1313 4361 1345 4456 †

373 4497 490 4592 †ego
513 4494 668 4567 iohannes
692 4487 920 4564 studemini
943 4489 1057 4562 stefani
1083 4496 1215 4583 rogatus
1229 4511 1248 4556 a
1264 4483 1481 4582 suprascripto
1500 4481 1605 4560 cicino
1625 4481 1699 4556 testi

277 4619 450 4714 subscripsi
473 4629 506 4692 et
527 4613 757 4712 suprascriptos
780 4611 901 4686 soiidos
919 4615 1083 4686 confessus
1108 4609 1286 4706 percepisse
1311 4605 1342 4704 †

371 4745 404 4845 †
426 4747 496 4841 Ego
519 4744 643 4840 sergius
673 4739 809 4814 Curialis
831 4737 998 4836 Complevi
1023 4749 1057 4814 et
1084 4737 1207 4814 absolsi
1230 4739 1283 4816 die
1305 4748 1339 4812 et
1360 4737 1535 4816 indictione
1565 4757 1698 4810 memo-

279 4886 348 4951 ratu
373 4877 510 4972 prime
535 4871 567 4969 †

294 4985 447 5138 sbi·
471 5005 519 5078 11.
1305 5011 1350 5075 es
