4954 6532
955 588 1073 686 (³³)

308 767 368 842 per
389 745 566 820 summissis
587 745 732 840 personis
746 745 789 818 ha
802 765 888 820 nnnc
911 753 944 820 et
957 748 993 822 in
1006 745 1168 842 perpetuis
1192 743 1403 844 temporibus.
1428 769 1489 843 pro
1512 775 1552 826 eo
1575 757 1664 850 quod
1686 755 1721 828 in

301 872 476 968 pagatiano
499 871 607 968 accepi
631 896 648 942 a
672 880 706 944 te
729 873 847 946 exinde
869 871 904 944 in
926 871 1066 966 presenti
1088 873 1171 946 idest
1187 874 1258 944 auri
1274 875 1393 946 solidos
1408 878 1518 950 decem
1539 880 1720 972 bytianteos

305 999 340 1070 in
363 1006 492 1070 cantum
515 997 551 1070 in
573 1018 704 1069 omnem
719 997 878 1069 decisione
903 1021 960 1070 seu
977 997 1247 1070 deliberationem.
1269 999 1403 1092 Insuper
1424 1000 1578 1094 promitto
1601 1004 1660 1075 tibi
1682 1014 1721 1076 ut

306 1121 334 1193 si
358 1121 474 1218 quotis
498 1129 645 1216 tempore
660 1121 775 1217 quavis
791 1122 852 1194 alia
867 1123 1013 1196 chartule
1028 1125 1144 1197 exinde
1159 1124 1287 1197 iubente
1304 1125 1429 1198 dederit
1444 1149 1525 1220 qaas
1539 1151 1603 1223 ego
1618 1131 1717 1204 alicui

265 1305 267 1310 .
302 1246 355 1320 tel
376 1246 500 1343 ubique
533 1249 653 1322 exinde
680 1249 793 1322 fecisse
815 1250 870 1324 rel
890 1249 918 1320 si
942 1275 984 1324 ex
1007 1250 1076 1346 ipsa
1099 1249 1243 1322 chartula
1267 1275 1332 1346 que
1362 1251 1509 1344 superius
1532 1255 1716 1326 ceubratam

302 1371 404 1446 redidi
429 1375 627 1468 exemplaria
651 1373 782 1446 iubents
805 1375 929 1449 dederit
951 1387 1028 1446 tunc
1050 1376 1155 1450 mods
1184 1375 1334 1446 omnibus
1365 1375 1483 1448 bacuas
1508 1391 1637 1450 maneat
1659 1381 1717 1450 in-

299 1522 395 1594 super
419 1523 481 1596 ego
505 1511 538 1574 et
560 1503 696 1576 heredes
718 1505 799 1580 meis
822 1501 883 1572 tibi
904 1503 1106 1598 posterisque
1127 1502 1191 1574 tuis
1213 1503 1444 1597 nominatoque
1467 1512 1577 1576 sancto
1605 1513 1716 1576 restro

303 1627 498 1698 monasterio
529 1627 600 1702 illas
629 1627 786 1702 marum
819 1633 852 1698 et
886 1625 979 1696 tacita
1010 1629 1115 1699 tacere
1149 1626 1320 1700 debeamus
1345 1627 1467 1722 absque
1495 1629 1585 1700 omui
1608 1623 1745 1701 vestra*

297 1751 489 1826 damnietate
504 1755 592 1828 nulla
608 1756 701 1829 vobis
715 1757 878 1830 mittentes
893 1755 1151 1830 boccansioncm.
1169 1755 1374 1826 solummodo
1395 1753 1457 1824 boe
1472 1752 1594 1824 cartula
1617 1778 1715 1828 eorn-

294 1878 455 1951 benientie
481 1882 516 1951 in
539 1883 695 1956 omnibus
719 1883 858 1976 qualiter
880 1885 1021 1958 continet
1042 1886 1135 1956 firma
1157 1894 1192 1956 et
1213 1884 1363 1954 roborata
1386 1881 1569 1975 perenuiter
1588 1891 1714 1956 mancat
1808 1937 1812 1946 .

295 2003 418 2096 ubique
441 2004 576 2078 inventa
602 2015 661 2078 ant
682 2008 800 2080 relecta
821 2009 922 2078 tueris
944 2010 1029 2103 apud
1051 2007 1202 2080 omnibus
1223 2006 1383 2078 iudicibus
1405 2028 1464 2076 seu
1493 2005 1711 2098 potestatibus.

293 2123 380 2208 Quia
405 2125 451 2198 ita
475 2129 569 2198 nobis
593 2151 678 2202 rone
705 2129 881 2201 voluntatis
904 2131 1100 2224 complacui:
1126 2130 1154 2200 si
1176 2137 1286 2202 autem
1300 2149 1360 2198 uos
1374 2136 1430 2198 aut
1444 2127 1579 2198 herodes
1597 2129 1714 2201 nostris

292 2253 411 2348 quovis
433 2261 580 2348 tempore
604 2263 717 2328 contra
741 2255 826 2328 bono
848 2257 1029 2332 chartarium
1050 2255 1284 2330 combeuientie
1307 2263 1344 2326 ut
1358 2276 1453 2346 super
1468 2253 1586 2346 legitur
1602 2249 1713 2327 renire

292 2379 557 2472 presumserimus
580 2389 614 2452 et
637 2383 772 2452 minime
806 2382 1088 2470 adimpleverimus
1119 2380 1181 2446 bec
1216 2379 1323 2444 omnia
1346 2378 1510 2446 nominata
1534 2379 1623 2450 etin
1648 2379 1713 2450 ali-

293 2505 372 2600 qnid
395 2505 622 2576 offenderimus
645 2527 704 2599 per
728 2503 846 2599 quovis
878 2505 1014 2575 modum
1037 2509 1094 2572 aut
1116 2501 1293 2574 summissis
1314 2503 1472 2595 personis.
1509 2512 1586 2576 tunc
1609 2529 1707 2576 com-

291 2632 442 2724 ponimus
463 2631 523 2701 tibi
547 2629 746 2726 posterisque
770 2629 836 2700 tuis
871 2629 1103 2722 nominatoque
1132 2635 1241 2698 sancto
1274 2635 1382 2700 restro
1411 2631 1604 2722 monasterio
1636 2631 1709 2701 auri
1831 2701 1832 2705 ,

290 2757 373 2828 libra
395 2779 460 2828 une
483 2757 646 2848 bytiantea
665 2765 701 2830 et
722 2758 785 2829 bec
808 2755 953 2828 chartula
983 2753 1123 2848 qualiter
1149 2753 1292 2824 continet
1315 2755 1408 2830 mma
1431 2768 1615 2850 permaneat
1638 2755 1708 2826 im-

289 2889 493 2974 perpetuum.
511 2881 626 2975 scripta
642 2903 700 2975 per
717 2901 830 2952 manus
853 2876 985 2953 iohanni
998 2875 1129 2951 cuiuis
1141 2877 1285 2954 scribere
1302 2887 1435 2975 rogatus
1450 2903 1509 2976 per
1533 2879 1708 2952 indictione

287 3008 453 3078 nominata
476 3009 651 3078 undecima.
677 3009 708 3102 †

383 3132 447 3205 hoc
469 3133 598 3226 signum
620 3134 651 3226 †
674 3156 789 3206 manus
822 3119 986 3206 nominata
1008 3135 1110 3208 marie
1143 3135 1276 3209 honeste
1300 3134 1419 3208 lemine
1443 3133 1533 3229 qnod
1557 3153 1619 3228 ego
1647 3131 1707 3226 qui

287 3257 468 3332 nominatos
490 3283 551 3354 pro
574 3285 611 3332 ea
633 3261 808 3354 subscripsi
835 3270 868 3334 et
889 3261 1072 3334 nominatos
1094 3261 1214 3334 solidos
1237 3263 1370 3334 traditos
1394 3261 1463 3332 vidi
1485 3257 1517 3354 †

380 3383 412 3480 †
434 3385 505 3480 Ego
527 3386 651 3482 sergius
675 3386 806 3462 mrialis
828 3385 1001 3481 subscripsi
1024 3391 1057 3458 et
1078 3391 1274 3459 memoratos
1290 3381 1409 3492 solidos
1433 3383 1541 3472 accepi
1564 3381 1596 3472 †

379 3511 411 3605 †
433 3533 495 3606 ego
518 3512 693 3584 anastasius
716 3512 801 3584 filius
824 3511 948 3584 domiui
970 3511 1118 3584 iobrnnis
1134 3519 1267 3606 rogatus
1291 3535 1310 3580 a
1334 3504 1565 3600 suprascriptos
1580 3503 1703 3597 iugales

284 3635 357 3705 testi
379 3633 553 3728 subscripsi
577 3643 611 3708 et
633 3635 866 3730 suprascriptos
889 3634 1009 3706 solidos
1031 3633 1164 3705 traditos
1187 3631 1256 3700 bidi
1278 3628 1311 3721 †

379 3759 495 3852 †ego
517 3763 657 3831 seranus
680 3759 765 3830 filim
787 3757 911 3829 domini
934 3754 1082 3828 iohannis
1114 3761 1247 3848 rogatus
1279 3778 1299 3824 a
1322 3750 1553 3846 suprascriptos
1575 3753 1698 3846 iugales

282 3887 356 3960 testi
379 3883 553 3978 subscripsi
576 3891 609 3954 et
632 3880 865 3980 suprascriptos
888 3879 1009 3952 solidos
1034 3877 1170 3952 traditos
1190 3877 1315 3974 bidi†

376 4009 408 4106 †
431 4033 494 4105 ego
519 4011 682 4104 aligerans
718 4007 805 4078 filins
838 4003 961 4076 domini
983 4002 1070 4076 leoni
1092 4002 1244 4076 monachi
1266 4013 1399 4098 rogatus
1425 4029 1444 4076 a
1466 3989 1700 4102 suprascriptos

288 4137 408 4232 iugules
431 4135 504 4208 testi
527 4131 699 4228 subscripsi
721 4139 755 4209 et
776 4131 1009 4226 suprascriptos
1031 4128 1152 4208 solidos
1173 4129 1308 4200 traditos
1332 4130 1398 4202 bidi
1422 4129 1454 4224 †

378 4259 409 4355 †
433 4259 510 4354 Ego
531 4259 685 4331 iohannes
706 4253 844 4328 Cerialis
875 4254 935 4350 qui
957 4253 1139 4330 nominatos
1170 4262 1243 4348 post
1266 4254 1535 4350 subscriptionem
1569 4259 1698 4332 testium

284 4385 443 4481 compleri
465 4395 500 4460 ct
522 4385 645 4460 absolvi
669 4405 728 4480 psr
749 4382 924 4457 indictione
951 4383 1116 4460 nominato
1142 4382 1310 4460 undecim
1335 4381 1366 4476 †

875 4627 1114 4664 ‘Omm—
