4954 6532
1415 627 1551 728 (vm)

1389 914 1578 988 LXXXVII.

867 1180 976 1254 Maria
999 1199 1070 1249 enm
1101 1196 1247 1248 consmsn
1280 1173 1427 1266 Greporii
1450 1172 1555 1244 lsalri
1577 1172 1643 1240 oiri
1664 1171 1716 1242 sni
1740 1133 1951 1244 testamentum
1975 1173 2013 1242 de
2038 1176 2104 1244 suis
2127 1197 2199 1246 orn·

775 1311 867 1382 nibrts
880 1311 967 1380 retas
990 1305 1111 1398 conficit
1126 1327 1187 1399 qao
1204 1304 1358 1398 pmedam
1376 1301 1567 1380 Monasterio
1585 1299 1641 1375 SS.
1669 1299 1800 1372 Teodori
1823 1315 1852 1377 et
1876 1299 2074 1384 Sebastiam,
2098 1325 2199 1396 qnae*

777 1441 851 1514 dam
874 1459 945 1510 cero
969 1436 1033 1508 scis
1052 1435 1239 1531 propinquis
1263 1433 1355 1528 lepat.

1386 1689 1586 1764 LXXXVIII.

877 1945 1046 2038 Greporics
1069 1967 1106 2016 ac
1130 1946 1243 2016 Petras
1264 1947 1379 2038 [ratres
1401 1951 1542 2040 permani
1566 1947 1720 2041 Greporio
1744 1947 1928 2038 Presbytero
1954 1945 2083 2020 Custodi
2100 1949 2204 2021 Eccle-
2270 1979 2273 1984 λ

778 2071 841 2146 siat
865 2073 898 2146 S.
924 2072 1089 2167 Enplimii
1116 2075 1306 2166 pollicmtnr
1329 2076 1425 2146 colere
1448 2093 1476 2148 et
1502 2080 1544 2148 ad
1566 2078 1716 2148 maiorem
1747 2078 1916 2150 ubertatem
1943 2079 2110 2171 perducere
2141 2081 2204 2148 dno

775 2205 912 2296 praedia
935 2203 978 2274 ad
1002 2205 1137 2274 eamdem
1163 2203 1333 2274 Ecclesiam
1356 2206 1556 2298 spectantia,
1580 2220 1608 2277 et
1632 2209 1824 2300 frnmmtnm
1844 2229 1881 2284 ac
1908 2207 2004 2291 vina,
2030 2231 2109 2300 qnae
2132 2209 2225 2280 inde·

782 2327 978 2422 calliperent,
1005 2331 1164 2428 cumipse
1193 2328 1322 2403 (lntode
1339 2333 1472 2428 partiri.

1409 2585 1581 2660 LXXXIX.

881 2851 942 2922 Lm
970 2847 1127 2946 presbyter
1155 2849 1259 2921 mestos
1290 2845 1443 2919 Ecclesiae
1466 2847 1498 2918 S.
1523 2850 1614 2920 Petri
1637 2852 1679 2921 ad
1711 2851 1903 2931 Paternum,
1934 2853 1986 2922 cni
2018 2853 2116 2922 Pieres
2143 2854 2212 2945 filia

790 2977 933 3072 Campttli
959 2990 1082 3070 partem
1115 2977 1214 3070 ipsius
1244 2974 1396 3046 Ecclesiae
1427 2977 1471 3045 ad
1494 2997 1524 3046 sc
1547 2991 1729 3068 spectantem
1757 2979 1954 3058 tradiderat,
1980 2980 2112 3071 snninae
2135 2981 2210 3049 lsnic

785 3107 950 3201 pollicetar
972 3128 1032 3178 sese
1055 3119 1117 3177 toto
1140 3106 1222 3176 citae
1245 3128 1320 3176 meae
1343 3119 1475 3197 tempore
1498 3126 1560 3174 non
1583 3104 1765 3196 delaturam
1789 3107 1915 3204 officiis,
1940 3128 2018 3200 qnae
2041 3109 2077 3176 in
2107 3107 2212 3178 eadem

792 3233 930 3310 Ecclesia
952 3212 1136 3306 absolvenda
1157 3232 1218 3304 sili
1239 3236 1351 3328 forent.

1466 3501 1531 3578 XC.

892 3761 1103 3832 Inreinrando
1127 3760 1278 3854 definita-r
1301 3761 1339 3830 lis
1361 3775 1471 3831 exorta
1486 3763 1567 3831 inter
1582 3761 1766 3854 Alipernmm
1782 3761 1955 3832 Athalariei
1969 3762 2088 3853 filimn,
2105 3777 2132 3832 et
2148 3761 2220 3830 Ser-

797 3895 886 3986 pinm
915 3893 1108 3984 anmennm
1130 3891 1318 3961 lionasterii
1338 3889 1392 3960 SS.
1416 3891 1522 3980 Serpii
1545 3905 1573 3960 et
1597 3891 1715 3961 Bacchi
1736 3894 1792 3983 qni
1816 3892 1980 3961 transitum
1995 3891 2038 3960 ad
2058 3888 2219 3982 quemdam

797 4019 848 4089 sni
870 4017 1056 4088 Monasterii
1080 4037 1192 4110 apmtm
1211 4041 1270 4113 per
1293 4017 1392 4108 ipsias
1415 4014 1559 4130 Alipcrnp'
1578 4015 1714 4106 praedia
1735 4013 1842 4087 haltere
1865 4017 2072 4088 contendebat.

1472 4270 1551 4348 XCI.

900 4535 995 4607 Anna
1010 4535 1119 4606 Leonis
1141 4535 1240 4606 aldea
1264 4555 1338 4604 snae
1361 4559 1401 4606 erc
1424 4556 1527 4606 sorore
1549 4535 1655 4628 nepoti
1677 4533 1785 4606 Drosn
1799 4534 1897 4606 tradit
1918 4531 2089 4602 dimidiam
2100 4531 2228 4627 praedii

799 4661 897 4756 positi
920 4661 962 4732 ad
984 4661 1017 4731 S.
1041 4661 1201 4732 Donatum
1223 4660 1266 4732 ad
1288 4661 1418 4730 Felicem
1436 4683 1498 4753 pro
1520 4684 1584 4732 ana
1607 4684 1644 4732 ac
1667 4661 1783 4755 cipinti
1796 4661 1904 4732 solidis
1919 4661 2042 4746 aureis,
2064 4681 2138 4754 qnos
2153 4659 2228 4732 En-

801 4791 924 4882 praelo
946 4813 1003 4862 sna
1025 4811 1128 4860 memes
1151 4811 1173 4862 a
1196 4789 1304 4862 Maria
1326 4789 1462 4862 eiusdem
1484 4789 1589 4866 Drosa
1613 4790 1687 4864 acia
1709 4802 1853 4866 nasama
1875 4790 1989 4882 senat.
