4854 6528
910 642 1056 740 (tet)

257 809 359 906 capite
382 807 474 879 vobis
506 803 664 900 placueris
687 793 806 899 eligere
834 803 930 875 sicuti
969 811 1168 879 consuetudo
1192 818 1240 880 est
1272 835 1457 886 mensurare
1482 819 1522 888 ad
1545 839 1675 912 passum

257 943 397 1014 ferreum
421 943 527 1008 sancte
549 917 749 1028 neapolitaue
772 931 904 1006 ecclesie
926 957 1083 1007 unacum
1099 940 1267 1010 arvoribus
1288 944 1500 1040 omnibusque
1518 949 1578 1020 sivi
1595 973 1674 1044 per-

256 1065 437 1140 tinentibus.
451 1061 615 1156 reliquum
629 1060 709 1132 bero
723 1059 838 1132 exinde
861 1059 1042 1133 dividamus
1066 1063 1150 1134 inter
1174 1064 1265 1133 nobis
1288 1089 1346 1157 per
1370 1070 1535 1141 sexuncias
1559 1097 1617 1144 vos
1641 1083 1674 1146 et

160 1183 172 1204 ‘
259 1191 391 1287 posteris
415 1189 528 1262 vestris
550 1188 666 1260 exinde
689 1187 871 1280 percipiatis
894 1189 1004 1258 uncias
1029 1213 1086 1260 sex
1111 1198 1143 1260 et
1160 1213 1222 1282 ego
1239 1201 1271 1262 et
1287 1190 1420 1264 heredes
1437 1197 1516 1266 meis
1531 1199 1675 1272 similiter

257 1316 334 1386 alias
357 1313 536 1385 sexuncias.
563 1319 595 1383 et
617 1310 700 1404 ipsas
723 1308 890 1381 sexuncias
914 1311 973 1404 qui
998 1334 1057 1382 nos
1082 1313 1198 1383 exinde
1222 1315 1365 1408 tetigeris
1384 1319 1418 1388 in
1434 1342 1506 1388 mea
1522 1321 1675 1415 meisque

256 1440 428 1516 heredibus
451 1440 515 1512 sint
537 1445 726 1532 potestatem
749 1437 908 1534 quidquid
933 1438 1049 1510 exinde
1072 1441 1176 1512 lucere
1200 1441 1399 1514 voluerimus
1425 1457 1457 1518 et
1481 1455 1595 1518 atune
1611 1471 1676 1522 ue-

256 1567 346 1639 mine
369 1591 388 1635 a
410 1587 469 1637 vos
492 1587 551 1636 uec
574 1589 594 1636 a
617 1563 752 1658 posteris
775 1563 888 1636 vestris
914 1562 1089 1634 habeamus
1117 1564 1233 1636 exinde
1256 1590 1462 1662 quecumque
1485 1573 1675 1666 requisitio·

256 1717 333 1766 uem
356 1715 413 1787 per
435 1692 562 1763 nullum
584 1693 720 1774 modum
743 1715 803 1762 nec
825 1715 883 1786 per
906 1691 1084 1763 summissis
1106 1693 1249 1784 personis
1269 1693 1303 1763 in
1318 1705 1523 1788 perpetuum.
1550 1699 1675 1773 etiamsi

258 1822 368 1894 ambas
391 1831 494 1916 partes
517 1821 773 1892 concinuerimus
796 1820 938 1914 piscbina
963 1819 1021 1916 qui
1044 1819 1080 1889 in
1103 1821 1216 1892 eodem
1240 1845 1354 1916 campo
1379 1825 1498 1894 extlnat
1522 1849 1676 1901 eommu-

257 1951 347 2020 nalis.
371 1949 595 2018 tantummodo
617 1949 645 2018 si
669 1971 731 2041 ego
766 1957 824 2019 aut
846 1946 978 2020 heredes
1012 1947 1093 2020 meis
1128 1959 1320 2022 memoratas
1351 1953 1518 2023 sexuncias
1550 1965 1674 2027 nostras

257 2077 317 2171 qui
340 2097 398 2146 nos
421 2075 537 2146 exinde
559 2075 701 2169 tetigeris
722 2082 761 2145 ut
782 2092 879 2168 super
902 2075 1020 2168 legitur
1044 2077 1119 2146 dare
1143 2075 1350 2148 habuerimus
1366 2101 1423 2171 per
1439 2081 1674 2177 qualecumque

256 2201 393 2270 modum
427 2207 504 2268 tunc
527 2197 619 2269 vobis
653 2197 863 2292 posterisque.
891 2197 1006 2304 vestris
1031 2222 1067 2270 ea
1092 2199 1167 2270 dare
1203 2199 1373 2271 debeamus
1402 2203 1435 2272 in
1459 2206 1601 2296 pretium
1638 2216 1676 2278 ut

163 2335 168 2344 '
256 2327 355 2396 luerit
378 2327 590 2418 appretiatum
614 2349 633 2393 a
655 2323 924 2397 christianissimis
952 2327 1030 2397 viris
1054 2333 1086 2399 et
1108 2327 1136 2396 si
1161 2353 1198 2399 ea
1222 2351 1363 2400 emmare
1386 2331 1554 2402 nolueritis
1588 2332 1673 2402 clara

256 2453 339 2521 facta
363 2450 531 2520 veritatem
554 2456 631 2516 tunc
653 2446 708 2516 eui
731 2470 769 2516 ea
792 2447 869 2515 dare
905 2449 1104 2522 voluerimus
1140 2465 1246 2525 nostre
1275 2455 1316 2526 sit
1344 2464 1546 2548 potestatem.
1572 2458 1671 2528 etiam

255 2575 286 2646 si
309 2598 370 2669 ego
386 2585 418 2647 et
431 2573 504 2646 filiis
523 2572 648 2646 filiabus
666 2571 748 2644 meis
769 2571 843 2642 totis
861 2571 1038 2644 oderimus
1061 2575 1129 2646 sine
1152 2581 1320 2672 proprium
1344 2582 1495 2655 heredem
1511 2583 1550 2655 de
1564 2607 1669 2655 uxore

256 2709 292 2772 et
316 2699 389 2770 viro
412 2707 487 2767 tune
512 2704 703 2770 memoratas
734 2697 857 2768 inclitas
884 2699 1052 2769 sexuncias
1081 2709 1204 2771 nostras
1228 2706 1453 2800 omnibusque.
1476 2708 1537 2780 sivi
1555 2709 1669 2802 perti-

255 2824 407 2896 nentibus
429 2822 634 2895 rebartantur
657 2830 691 2894 et
713 2822 779 2892 sint
801 2822 952 2892 offertum
975 2843 1037 2916 pre
1062 2823 1228 2896 animabus
1251 2828 1367 2897 nostris
1382 2829 1416 2898 io
1431 2832 1545 2900 eodem
1567 2840 1676 2902 saneto

254 2963 291 3028 et
314 2953 488 3026 venerabili
513 2961 619 3025 vestro
642 2950 845 3023 monasterio.
868 2951 1099 3023 Verumtamen
1122 2952 1150 3023 si
1174 2977 1237 3046 ego
1260 2963 1317 3024 aut
1339 2956 1472 3028 heredes
1495 2958 1576 3028 meis
1598 2981 1674 3029 me-

253 3089 419 3153 moratum
444 3080 606 3173 integrum
629 3097 783 3172 eampum
804 3076 886 3160 bene
912 3099 978 3148 non
1001 3077 1252 3150 devoraverimus
1268 3085 1301 3149 et
1316 3101 1392 3150 eum
1416 3080 1497 3151 bene
1520 3103 1587 3152 non
1610 3105 1677 3175 pa-

254 3209 483 3280 stinaverimus
506 3206 590 3276 clara
615 3209 695 3278 lacta
721 3205 855 3276 veritate
877 3213 955 3276 tune
986 3203 1148 3274 licentiam
1171 3213 1204 3275 et
1229 3213 1417 3296 potestatem
1448 3207 1591 3278 habeatis
1614 3230 1673 3280 vos
1725 3213 1728 3220 ’

254 3343 290 3404 et
313 3333 448 3425 posteris
470 3331 584 3403 vestris
606 3329 699 3401 nobis
722 3353 800 3402 eum
822 3329 934 3400 tollere
957 3327 991 3397 in
1015 3327 1155 3420 integro.
1182 3326 1266 3408 Quia
1294 3327 1340 3396 ita
1366 3327 1458 3397 nobis
1482 3331 1675 3423 complacui.

255 3455 293 3528 Si
318 3465 427 3528 autem
452 3478 514 3548 ego
529 3463 585 3525 aut
599 3453 733 3526 heredes
755 3455 835 3526 meis
859 3449 975 3554 quovis
999 3458 1143 3544 tempore
1168 3459 1278 3520 eontra
1301 3451 1384 3520 banc
1398 3450 1575 3522 chartulam
1591 3477 1678 3547 pro-

254 3574 417 3646 missionis
439 3585 476 3646 ut
498 3595 595 3667 super
617 3573 736 3667 regius
758 3572 870 3644 venire
892 3571 1155 3666 presumserimus
1180 3577 1214 3641 et
1236 3568 1370 3640 minime
1395 3568 1677 3662 adimpleverimus

255 3704 318 3774 hee
341 3704 448 3772 omnia
471 3711 647 3773 memorata
670 3716 703 3774 et
726 3703 761 3773 in
785 3702 908 3795 aliquid
931 3700 1043 3770 offensi
1066 3698 1223 3770 brerimus
1247 3721 1305 3792 per
1328 3697 1444 3792 quovis
1460 3701 1596 3770 modum
1619 3712 1677 3772 aut

255 3827 436 3898 summissis
459 3826 616 3919 personis.
640 3834 718 3896 tunc
741 3827 965 3918 componimus
988 3823 1081 3896 vobis
1104 3823 1303 3918 posterisque
1326 3823 1439 3896 vestris
1463 3823 1534 3894 auri
1556 3824 1675 3896 solidos

252 3951 388 4046 triginta
410 3973 468 4021 sex
490 3948 706 4042 bytbianteos.
733 3955 766 4020 et
787 3949 849 4022 hee
873 3949 1016 4022 chartula
1040 3948 1180 4044 qualiter
1196 3949 1340 4020 eontinet
1371 3949 1464 4018 firma
1493 3959 1678 4041 permaneat

255 4077 505 4170 imperpetuum.
533 4076 649 4170 scripta
672 4099 730 4170 per
753 4098 867 4148 manus
890 4074 1023 4148 iohanni
1046 4075 1160 4148 curiali
1188 4074 1329 4148 scribere
1363 4076 1479 4168 rogavi
1506 4099 1565 4170 per
1587 4076 1678 4148 indi-

260 4205 367 4278 ctione
392 4215 567 4280 memorata
591 4203 885 4302 quartadecima†
1417 4297 1420 4304 Ι

356 4339 429 4408 Hoc
450 4337 579 4432 signum
602 4335 634 4433 †
656 4359 770 4409 manns
795 4334 965 4410 memorati
979 4333 1223 4429 iohanniquod
1246 4355 1309 4426 ego
1331 4331 1391 4426 qui
1413 4341 1605 4405 memoratos
1620 4358 1680 4430 pro

257 4491 335 4541 eum
359 4463 585 4560 sutsnipsi†

351 4591 382 4686 †
405 4615 467 4685 ego
489 4590 658 4686 gregorius
680 4587 765 4660 filius
788 4587 912 4661 domini
934 4588 1082 4660 iohannis
1104 4597 1236 4678 rogatus
1259 4611 1278 4657 a
1301 4588 1516 4686 suprascripto
1539 4589 1679 4664 iohanne

256 4719 330 4794 testi
354 4717 529 4812 subscripsi
551 4717 583 4814 †

342 4839 496 4962 ss-sqrn
520 4815 573 4915 iii
596 4848 771 4914 umore
802 4813 864 4914 tr
895 4847 1070 4914 ananus
1093 4848 1319 4915 portuosa
1342 4814 1508 4918 necne·
1526 4823 1582 4920 id
1602 4853 1682 4922 ru-

255 4971 323 5036 urr
352 4961 516 5058 corn†
1297 4985 1303 4995 ·
