4876 6532
1429 668 1444 754 t
1471 671 1514 734 ⁷⁴
1542 667 1556 756 )

1416 943 1576 1015 nnxxn

664 1217 715 1265 an.
876 1201 966 1295 †in
988 1199 1121 1272 nomine
1145 1197 1269 1274 domini
1293 1197 1346 1270 dei
1368 1193 1536 1268 salvatoris
1557 1193 1660 1268 nostri
1683 1193 1780 1267 ihesu
1801 1192 1923 1267 Christi
1944 1195 2126 1290 imperante
2142 1199 2204 1271 do·

640 1331 727 1394 959.
782 1325 873 1398 mino
896 1335 1010 1398 nostro
1033 1324 1244 1397 Constantino
1272 1344 1392 1416 magno
1415 1321 1613 1414 Imperatore
1629 1342 1713 1390 anno
1730 1319 2001 1414 quinquagesimo
2016 1321 2123 1414 primo
2146 1325 2202 1395 sed

782 1459 815 1522 et
837 1472 974 1520 romano
997 1470 1116 1540 magno
1130 1447 1323 1539 imperatore
1339 1445 1409 1515 eius
1423 1443 1491 1514 filio
1507 1465 1591 1514 anno
1605 1442 1859 1538 quartodecimo.
1885 1443 1938 1514 die
1961 1454 2052 1514 sexta
2076 1445 2201 1518 decima

781 1580 899 1650 mensis
923 1574 1052 1666 augusti
1075 1569 1252 1646 indictione
1267 1571 1404 1645 secunda
1420 1571 1569 1666 neapolis
1593 1570 1726 1642 cerum
1742 1580 1789 1642 est
1802 1593 1855 1642 ms
1871 1572 1973 1642 maria
1989 1571 2121 1646 honesta
2143 1576 2200 1646 fe-

781 1701 870 1774 mina
894 1699 961 1769 filia
985 1698 1151 1791 quondam
1186 1696 1310 1800 domini
1334 1695 1468 1768 iohanni
1490 1719 1567 1768 eum
1598 1717 1756 1766 consensu
1789 1694 1915 1765 domini
1948 1696 2073 1766 mastali
2098 1697 2201 1771 enneli

780 1827 865 1900 fliius
888 1824 952 1896 viri
975 1825 1065 1896 mei:
1091 1823 1123 1894 A
1147 1825 1288 1918 presenti
1310 1826 1363 1897 die
1385 1825 1540 1918 promitto
1563 1824 1624 1896 tivi
1648 1823 1781 1894 domino
1813 1821 1919 1914 sergio
1933 1822 2108 1894 venerabili
2122 1823 2201 1916 igu-

780 1975 877 2026 meno
900 1951 1086 2022 monasterii
1108 1961 1293 2023 sanctorum
1317 1952 1415 2044 sergii
1437 1961 1471 2022 et
1493 1951 1605 2022 basciu
1627 1961 1760 2044 propter
1783 1949 1873 2044 quod
1889 1959 1924 2020 tu
1943 1973 2007 2021 une
2025 1972 2102 2021 oum
2116 1973 2199 2022 eon-

780 2100 876 2152 sensu
898 2085 932 2148 et
954 2077 1119 2148 voluntate
1148 2087 1264 2148 cuncto
1295 2077 1555 2171 congregationis
1588 2075 1825 2148 monachorum
1847 2077 2019 2147 memorati
2041 2077 2142 2148 saneti
2164 2087 2197 2151 et

782 2204 975 2280 venerabilis
998 2206 1048 2276 tui
1070 2206 1280 2278 monasterii:
1307 2205 1389 2276 mihi
1412 2204 1596 2277 rendidistis
1629 2203 1821 2298 dispositum
1843 2204 1932 2298 qnod
1955 2225 2014 2275 vos
2036 2203 2199 2277 habuisti-

778 2332 821 2404 tis
844 2332 934 2426 quod
957 2331 1033 2402 fecit
1056 2331 1218 2423 quondam
1242 2331 1393 2402 dominus
1418 2331 1594 2400 anastasius
1618 2331 1792 2422 primarius
1814 2329 1903 2400 thius
1926 2353 2040 2403 meus:
2066 2341 2104 2402 ut
2119 2353 2198 2403 om-

782 2477 859 2530 nem
883 2455 1016 2526 licerem
1041 2461 1074 2524 et
1095 2453 1286 2547 pertinentia
1310 2460 1416 2522 vostra
1447 2452 1565 2522 exinde
1588 2451 1623 2521 in
1646 2473 1718 2520 mee
1752 2451 1897 2544 meisque
1930 2453 2105 2526 heredibus
2136 2457 2201 2534 sint

778 2591 969 2677 potestatem
993 2580 1155 2676 quidquid
1178 2579 1294 2651 exinde
1316 2581 1421 2650 facem
1444 2576 1600 2650 voluero:
1620 2575 1762 2670 ideoque
1777 2585 1809 2646 et
1824 2599 1886 2670 ego
1900 2588 2078 2650 memorate
2095 2584 2200 2654 maria

780 2729 856 2777 cum
881 2727 1072 2777 eonsensum
1105 2701 1278 2775 memorati
1312 2699 1438 2771 domini
1469 2697 1595 2769 maruli
1632 2697 1736 2768 aneoli
1760 2699 1845 2770 filius
1879 2699 1944 2770 viri
1976 2704 2041 2773 mei
2069 2705 2143 2776 dedi
2167 2716 2200 2778 et

779 2833 896 2904 tradidi
920 2831 1012 2903 vobis
1036 2831 1121 2901 idest
1143 2832 1268 2921 integra
1291 2851 1356 2899 una
1379 2835 1464 2898 terra
1488 2847 1553 2920 qne
1577 2823 1763 2894 nominatur
1800 2825 1919 2896 lamma
1949 2827 2072 2900 maiore
2096 2832 2199 2924 posita

779 2958 813 3026 in
838 2957 1019 3050 pausilippo
1042 2957 1101 3050 qui
1125 2957 1188 3027 fnit
1211 2959 1251 3027 de
1273 2954 1423 3048 portione
1457 2953 1587 3024 domine
1612 2951 1734 3023 mariae
1769 2954 1914 3026 exadelia
1938 2979 2010 3030 mes
2042 2957 2107 3030 filia
2131 2984 2198 3032 no-

778 3079 892 3151 minati
916 3080 1040 3150 domini
1064 3081 1214 3152 anastasii
1229 3079 1377 3174 primarii
1395 3087 1427 3151 et
1443 3103 1482 3150 ea
1501 3078 1606 3172 tetigit
1622 3101 1640 3148 a
1656 3077 1793 3172 meipsa
1809 3101 1868 3172 per
1882 3082 2014 3156 metisse
2033 3083 2197 3160 divisionis

777 3227 877 3300 quem
900 3227 961 3298 ego
985 3204 1111 3277 habeor
1137 3214 1171 3278 et
1194 3215 1242 3277 est
1267 3206 1439 3276 coniuncte
1455 3212 1632 3275 memorata
1647 3201 1766 3274 lamma
1781 3203 1904 3277 maiore
1920 3230 1986 3302 que
2009 3208 2100 3280 vobis
2123 3211 2196 3286 dedi

777 3351 854 3402 cum
877 3331 940 3402 alia
962 3331 1081 3402 lamma
1104 3353 1177 3402 mea
1199 3331 1320 3425 pictula
1343 3354 1409 3426 que
1432 3330 1467 3400 iu
1492 3353 1565 3402 mea
1587 3329 1751 3402 reservavi
1774 3339 1928 3424 potestate
1951 3334 2046 3406 sicuti
2063 3337 2146 3409 inter
2161 3361 2197 3412 se

778 3457 909 3550 egripus
932 3457 1065 3529 extinat:
1091 3457 1226 3552 insuper
1249 3457 1323 3530 dedi
1346 3465 1380 3530 et
1395 3455 1513 3528 uedidi
1536 3455 1630 3527 robis
1652 3461 1686 3526 et
1707 3479 1773 3528 una
1787 3457 1881 3530 tertia
1897 3461 1937 3532 do
1951 3461 2013 3531 alia
2031 3472 2115 3534 terra
2129 3488 2196 3559 que

777 3591 913 3655 vocatur
937 3588 1139 3673 compertum
1162 3581 1221 3676 qui
1243 3580 1306 3652 suit
1329 3583 1370 3654 do
1402 3581 1551 3674 portione
1585 3587 1763 3652 memorate
1800 3585 1902 3654 marie
1936 3585 2079 3658 exadeiia
2114 3611 2197 3682 ger·

777 3727 872 3778 mana
895 3728 968 3779 mea
990 3705 1097 3800 posita
1119 3705 1167 3776 ibi
1189 3703 1298 3800 ipsum
1321 3705 1356 3776 in
1379 3704 1597 3799 pausilippum
1618 3704 1684 3776 hoc
1706 3713 1754 3778 est
1776 3729 1835 3800 per
1851 3715 2032 3781 traversum
2056 3711 2197 3786 divisum

776 3829 840 3902 hoe
862 3841 910 3904 est
932 3857 952 3902 a
976 3841 1066 3926 parte
1084 3832 1125 3903 de
1147 3839 1235 3904 terra
1258 3855 1331 3904 mea
1353 3855 1419 3928 (pue
1442 3841 1579 3904 vocatur
1601 3831 1727 3927 cupelle
1749 3831 1846 3904 sicuti
1867 3833 1952 3908 inter
1973 3855 2008 3908 se
2030 3836 2114 3932 sepis
2136 3861 2196 3912 ex·

777 3952 879 4024 tinet:
904 3955 992 4025 unde
1014 3952 1157 4046 reliquas
1188 3952 1268 4024 dues
1290 3961 1398 4046 partes
1432 3963 1655 4025 mensuratum
1678 3956 1719 4027 ad
1742 3956 1857 4051 equale
1887 3981 2039 4031 mensura
2068 3961 2102 4032 in
2125 3985 2196 4034 mea

775 4083 953 4147 memorate
975 4075 1077 4146 marie
1100 4074 1173 4144 iilos
1196 4075 1360 4146 reservari
1383 4084 1540 4168 potestate
1563 4076 1724 4173 quidquid
1758 4079 1876 4153 exinde
1900 4083 2007 4154 faeere
2029 4085 2192 4158 voluero:

777 4205 810 4269 et
833 4197 873 4270 de
896 4217 964 4266 uno
986 4195 1087 4268 latere
1110 4195 1152 4266 ad
1175 4195 1269 4266 ambe
1291 4203 1470 4267 memorate
1493 4197 1574 4268 sorti
1596 4221 1691 4270 mee:
1718 4203 1806 4274 etad
1823 4215 2000 4277 memorata
2022 4208 2116 4279 tertia
2131 4233 2195 4282 ve-

776 4326 843 4392 stra
865 4341 931 4414 qaue
966 4316 1059 4391 vobis
1094 4317 1168 4390 dedi
1199 4325 1236 4388 ut
1269 4339 1368 4410 super
1395 4316 1517 4409 legitur
1549 4319 1682 4392 coheret
1715 4327 1824 4418 portio
1853 4351 1926 4400 mea
1950 4355 1993 4403 ex
2016 4331 2084 4427 ipsa
2108 4343 2194 4408 terra

776 4469 842 4543 que
864 4453 1000 4518 vocatur
1021 4453 1222 4540 compertum
1245 4447 1304 4542 qui
1327 4467 1381 4516 me
1404 4457 1583 4520 memorata
1606 4449 1710 4522 maria
1735 4453 1841 4548 tetigit
1863 4479 1922 4550 per
1944 4460 2075 4533 merisne
2104 4462 2195 4536 divi.
2253 4437 2259 4452 ’

777 4571 878 4644 sionis
901 4595 920 4643 a
942 4581 1121 4646 memorata
1141 4573 1245 4644 maria
1269 4573 1415 4646 exadelia
1438 4597 1592 4668 germana
1614 4597 1707 4649 mea:
1727 4588 1760 4652 et
1776 4605 1794 4650 a
1811 4585 1951 4677 presenti
1975 4588 2029 4661 die
2052 4597 2084 4661 et
2097 4590 2195 4666 dein.

776 4721 853 4793 ceps
875 4697 985 4771 inclita
1008 4709 1186 4794 memorata
1208 4709 1294 4772 terra
1311 4723 1377 4797 qne
1390 4703 1577 4775 nominetur
1592 4703 1710 4780 lamma
1727 4709 1862 4783 maiore.
1882 4721 1915 4784 et
1931 4725 2108 4788 memorata
2124 4727 2195 4791 ter-

780 4824 825 4896 tia
849 4825 889 4898 de
913 4833 1091 4896 memorata
1114 4833 1199 4897 terra
1222 4849 1288 4922 que
1310 4827 1497 4900 nominatur
1519 4840 1720 4924 eampertum
1743 4835 1802 4930 qui
1816 4837 1879 4909 tuit
1895 4839 1936 4911 de
1950 4839 2099 4934 portione
2122 4864 2194 4916 me·

778 4961 902 5022 morate
928 4951 1030 5022 marie
1054 4949 1200 5024 exadelfe
1224 4973 1376 5045 germana
1400 4974 1471 5025 mea
1495 4975 1561 5048 que
1585 4955 1678 5030 vobis
1701 4957 1777 5033 dedi
1801 4969 1839 5036 ut
1861 4982 1959 5060 super
1986 4963 2107 5062 legitur
2130 4989 2195 5042 una
