4900 6528
894 719 996 819 (eo
1022 729 1039 820 )

256 868 401 964 perdicto
424 868 498 942 loeo
520 869 709 947 offeruimus
731 869 815 972 [eum
844 875 978 956 interim
1007 896 1041 958 et
1063 893 1210 984 superius
1232 901 1364 972 etcum
1386 903 1494 980 omnia
1518 911 1604 988 iutro
1627 937 1661 988 se

254 993 421 1067 ahenubus
443 1001 477 1066 et
494 993 581 1068 intus
602 997 834 1092 pertinentibus
856 1025 933 1080 cum
955 1005 1027 1080 vice
1049 1009 1091 1085 de
1114 1014 1176 1086 viis
1199 1019 1249 1092 sui
1266 1025 1452 1101 trosuotibus
1475 1037 1606 1112 nomine
1629 1051 1663 1114 et

253 1121 425 1195 effunditus
442 1145 498 1196 eos
513 1123 582 1218 ipsu
597 1126 730 1200 ecelesia
749 1137 782 1204 et
796 1129 865 1213 eius
879 1135 1057 1218 rectoribus
1074 1137 1235 1220 abendam
1249 1155 1450 1228 seemomino
1468 1162 1536 1233 sine
1552 1188 1665 1242 omues

251 1256 374 1320 nostres
390 1251 442 1322 vel
458 1252 576 1322 uostris
599 1252 770 1326 herodibus
784 1260 1007 1333 oontrmietute
1023 1273 1080 1335 aut
1094 1269 1329 1371 cuiuscumque
1346 1282 1565 1376 requesitione
1579 1295 1664 1368 unde

246 1375 502 1469 repromittimus
519 1382 551 1446 et
566 1375 746 1472 obligamus
768 1403 828 1453 uos
843 1391 881 1454 ut
898 1407 937 1456 eo
952 1405 1017 1482 que
1039 1399 1148 1463 nostru
1172 1397 1341 1475 offersione
1364 1431 1464 1501 quem
1486 1415 1663 1512 prelegitur
1719 1441 1729 1464 ·

248 1519 309 1569 nos
333 1507 391 1569 eut
413 1499 531 1572 uostris
554 1498 727 1578 herodibus
750 1503 923 1601 aliquanto
950 1516 1096 1606 tempore
1123 1516 1235 1589 eedem
1259 1522 1430 1600 offersione
1454 1536 1570 1612 exinde
1594 1541 1664 1612 tol-

245 1621 313 1693 lere
337 1629 394 1692 aut
416 1631 564 1696 oontrure
593 1625 777 1720 quesiemm
803 1627 946 1704 tollendo
971 1630 1096 1728 aliquot
1118 1637 1235 1710 exinde
1261 1647 1567 1752 quomodocumque
1591 1675 1664 1737 ante

145 1820 148 1826 ,
246 1743 355 1816 omnio
378 1746 483 1819 modis
506 1746 634 1822 omibus
657 1751 785 1846 questio
808 1760 918 1824 nostra
939 1753 1047 1827 modis
1068 1757 1218 1832 omuibus
1241 1767 1368 1858 questio
1390 1781 1499 1848 nostra
1522 1780 1564 1850 sit
1594 1785 1659 1856 he-

243 1893 305 1946 euo
328 1881 360 1944 et
384 1872 478 1947 tacite
501 1885 647 1950 atversus
669 1877 794 1972 profete
816 1879 949 1956 seclusio
964 1887 996 1954 et
1012 1880 1081 1957 eius
1096 1885 1276 1964 rectoribus
1292 1902 1326 1964 et
1342 1898 1383 1972 ed
1397 1909 1657 1998 oompoueudum

87 2017 89 2022 ’
244 2001 365 2072 siamus
387 2021 447 2073 uos
469 2002 604 2096 predicti
627 2005 773 2099 germani
797 2013 831 2078 et
853 2007 970 2082 uostris
992 2008 1166 2085 heredibus
1191 2013 1229 2086 iu
1248 2022 1391 2112 predicta
1415 2031 1545 2106 ecelesia
1566 2045 1598 2108 et
1614 2042 1664 2112 ad'

243 2127 313 2200 eius
335 2129 514 2204 rectotibus
537 2131 669 2228 obligati
692 2131 733 2206 ud
748 2135 1008 2230 eomponmuum
1022 2137 1264 2237 'quiuqusginta
1288 2149 1407 2226 solidos
1430 2163 1656 2236 constantino.

241 2255 399 2348 politanus
422 2267 455 2330 et
477 2281 543 2353 que
564 2267 642 2352 aput
666 2279 727 2332 vos
749 2261 849 2336 fuerit
870 2259 1074 2338 melioratum
1097 2266 1150 2340 vel
1173 2271 1292 2346 iactum
1315 2277 1478 2355 edificium
1493 2287 1554 2357 sub
1569 2292 1652 2364 esti-

238 2382 381 2464 matione
405 2384 501 2474 pretii
515 2403 575 2454 uos
588 2383 683 2457 vobis
696 2386 865 2462 restituere
880 2389 1104 2482 pleoitebimus
1119 2395 1159 2470 de
1176 2399 1317 2477 colludio
1333 2415 1441 2482 eutem
1455 2411 1581 2506 legibus
1597 2440 1655 2511 per

238 2505 291 2577 dei
326 2505 503 2578 ministerio
537 2507 681 2580 iuremus
712 2513 746 2578 ot
780 2510 849 2602 ipsu
884 2530 949 2607 quo
979 2517 1158 2616 prelegitur
1180 2528 1372 2621 perimitis
1392 2557 1453 2610 uos
1476 2548 1509 2614 et
1531 2549 1649 2620 uosuie

237 2617 409 2702 heredibus
432 2631 471 2702 in
493 2631 637 2726 predicto
659 2630 732 2705 looo
755 2633 956 2712 defensemus
979 2647 1012 2710 et
1034 2663 1094 2714 auo
1120 2645 1296 2726 cumeum
1328 2659 1563 2742 effusionis-in
1587 2695 1650 2744 su.

236 2756 380 2850 prodictu
402 2759 526 2831 ratione
549 2761 592 2831 sit
613 2761 705 2834 titme
727 2761 821 2836 vobis
843 2763 1062 2864 imperpetuo.
1088 2775 1172 2852 sieut
1193 2784 1465 2883 tomogelgardus
1489 2793 1641 2872 diaconus

235 2890 270 2954 et
291 2885 437 2956 neurius
459 2883 565 2958 ulier
586 2887 727 2962 seribere
749 2889 939 2986 rogabimus

329 3009 362 3106 †
386 3011 458 3104 Ego
481 3033 550 3082 mo.
565 3013 643 3086 iius

328 3133 361 3230 †
385 3157 447 3229 ego
468 3131 621 3212 iohannes

327 3259 360 3354 †
380 3263 452 3357 ¹38⁰
474 3275 583 3360 petros

327 3383 358 3480 †
381 3389 454 3487 ligo
477 3392 530 3464 leo
