4854 6528
1392 657 1541 758 (sie)

742 837 920 903 memorate
943 825 1098 922 genitrice
1122 831 1230 896 nostra
1253 829 1286 895 et
1309 843 1369 917 pro
1392 817 1593 891 absolutione
1615 811 1786 888 memorati
1808 811 1934 886 domini
1958 813 2079 889 marini
2104 841 2171 890 an-

745 957 859 1053 thipati
882 955 1008 1051 patricii
1032 954 1089 1048 qui
1114 920 1174 1026 nos
1197 949 1335 1022 absolvit
1349 969 1410 1043 pro
1423 957 1532 1021 nostra
1547 943 1704 1042 parvitate
1719 951 1753 1014 et
1767 963 1833 1020 una
1856 940 2028 1014 nobiscum
2044 943 2170 1019 abendo

748 1086 953 1158 abocatorem
976 1089 1156 1154 memorato
1179 1063 1312 1150 domino
1335 1075 1474 1151 iohanne
1497 1097 1603 1168 neque
1620 1097 1639 1142 a
1655 1069 1773 1143 nostris
1789 1067 1964 1143 heredibus
1986 1093 2046 1143 nec
2069 1094 2171 1144 ano·

747 1214 796 1286 bis
819 1210 963 1308 personis
986 1207 1164 1282 summissis
1186 1205 1276 1278 nulio
1301 1217 1445 1299 tempore
1468 1225 1649 1298 numquam
1671 1201 1788 1274 exinde
1812 1199 1933 1273 abendo
1962 1223 2172 1298 quacumque

748 1339 958 1437 requisitione
982 1345 1037 1408 aut
1060 1333 1217 1406 molestia.
1244 1341 1298 1402 tan
1322 1339 1359 1402 tu
1383 1330 1443 1424 qui
1458 1351 1556 1424 supra
1581 1329 1734 1422 gregorio
1756 1327 1893 1402 ierrario
1916 1351 2080 1426 quamue
2102 1331 2171 1407 tuis
2241 1395 2250 1408 ,

748 1467 921 1542 heredibus
944 1486 1002 1558 per
1024 1460 1151 1534 nulium
1185 1457 1321 1530 modum
1351 1477 1412 1528 neo
1442 1479 1501 1552 per
1532 1455 1711 1530 summissis
1742 1455 1888 1552 pssumis
1914 1456 2168 1551 inperpetuum:

749 1593 883 1688 Insuper
905 1597 937 1659 et
959 1587 1000 1656 ab
1024 1582 1114 1656 omni
1137 1581 1268 1652 homine
1292 1582 1446 1677 omnique
1469 1605 1606 1676 persona
1628 1581 1721 1656 omni
1741 1589 1886 1678 tempore
1910 1604 1970 1654 nos
1985 1591 2018 1656 et
2033 1581 2170 1659 heredes
2203 1615 2204 1618 ¹

752 1717 868 1790 nostris
891 1709 950 1780 tihi
973 1707 1127 1802 tuisque:
1153 1703 1325 1779 heredibus
1348 1707 1383 1778 in
1406 1706 1557 1780 omnihus
1581 1715 1738 1782 antestare
1758 1715 1791 1781 et
1811 1709 1976 1782 defensare
1999 1709 2174 1785 dereamus

751 1835 958 1912 hostendente
973 1841 1008 1904 tu
1024 1841 1057 1904 et
1080 1832 1253 1906 heredibus
1277 1835 1340 1905 tuis
1363 1834 1457 1906 nobis
1473 1835 1675 1934 nostrisque:
1699 1835 1872 1910 heredibus
1887 1847 2064 1910 memorata
2082 1837 2175 1910 char-

753 1968 819 2046 tuln
836 1985 935 2058 quam
952 1959 1009 2038 tihi
1026 1959 1172 2032 dedimus
1187 1970 1221 2033 et
1235 1960 1282 2030 sic
1298 1960 1391 2034 vohis
1406 1983 1462 2034 eos
1478 1969 1637 2038 antestare
1652 1971 1686 2038 st
1700 1965 1863 2038 defensare
1881 1965 2069 2040 dereamtm:
2096 1989 2176 2061 pro·

752 2103 824 2190 pter
847 2091 937 2188 quod
959 2091 1138 2184 incepimus
1162 2113 1182 2160 a
1204 2096 1237 2160 te
1259 2088 1342 2160 idest
1370 2087 1442 2162 nuri
1465 2089 1528 2164 tari
1551 2109 1610 2164 sex
1632 2091 1717 2168 sicut
1739 2093 1824 2166 inter
1851 2091 1945 2166 nohis
1980 2095 2172 2166 convenit:

752 2223 788 2300 si
810 2227 920 2292 autem
943 2238 1002 2289 nos
1025 2223 1081 2286 aut
1102 2213 1273 2288 heredibus
1296 2215 1413 2288 nostris
1437 2217 1554 2314 quobis
1577 2227 1723 2318 tempore
1749 2227 1861 2296 eontra
1884 2219 1968 2292 hano
1991 2219 2172 2294 chartulam

680 2368 686 2376 ·
755 2343 949 2420 venditionis
971 2352 1009 2416 ut
1031 2365 1127 2436 super
1149 2341 1269 2435 legitur
1292 2341 1403 2413 venire
1435 2344 1702 2436 prmumserimus
1724 2365 1784 2438 per
1805 2341 1923 2438 quobis
1958 2345 2095 2420 modum
2119 2355 2175 2418 aut

754 2475 935 2550 summissis
958 2470 1103 2566 personis
1127 2477 1205 2542 tunc
1228 2470 1451 2564 componimus
1472 2469 1532 2543 tibi
1548 2472 1676 2567 tuisque
1699 2470 1871 2544 heredibus
1885 2473 1958 2543 auri
1973 2473 2095 2546 solidos
2117 2495 2179 2548 sex

753 2615 788 2676 et
810 2603 871 2674 hec
893 2597 1039 2672 chartule
1062 2596 1104 2670 sit
1126 2597 1222 2678 firma
1253 2596 1370 2706 scripu
1393 2619 1589 2703 permortua
1623 2599 1707 2710 petri
1736 2598 1867 2674 curiam
1900 2620 1960 2696 per
1993 2610 2177 2678 memorata

754 2731 928 2807 indictione
949 2725 982 2824 †

850 2861 915 2934 hoc
936 2859 1066 2956 signum
1089 2857 1120 2956 †
1143 2881 1256 2934 manus
1278 2871 1456 2934 memorata
1480 2861 1581 2934 drosu
1604 2870 1638 2932 et
1651 2860 1753 2933 marie
1775 2883 1834 2934 seu
1856 2861 1961 2933 eieino
1983 2869 2017 2934 et
2040 2861 2178 2936 miraei

754 2999 829 3063 ruta
853 3013 911 3062 seu
933 2997 1025 3084 petro
1048 2998 1081 3062 et
1103 2988 1243 3062 iohanne
1258 2991 1419 3085 germanis
1434 2999 1612 3064 memorata
1626 2991 1727 3064 drosu
1741 3013 1817 3064 cum
1832 3011 1989 3064 consensu
2008 2991 2179 3063 memorati

757 3117 827 3190 ursi
850 3114 914 3186 uiri
937 3114 989 3186 sui
1011 3123 1044 3187 et
1075 3123 1254 3189 memorata
1277 3115 1380 3189 meda
1413 3138 1490 3188 cum
1518 3137 1676 3187 consemu
1699 3113 1869 3188 memorati
1897 3112 2011 3186 cesarii
2041 3111 2104 3185 riri
2127 3115 2181 3185 sui

755 3253 789 3316 et
806 3251 985 3316 memorato
1008 3249 1100 3337 petro
1116 3252 1149 3314 et
1164 3240 1305 3312 iohanne
1320 3264 1397 3314 cum
1419 3263 1575 3314 consensu
1598 3249 1774 3324 memorate
1796 3262 1881 3313 sasso
1898 3239 2052 3335 genitrice
2067 3261 2182 3316 eorum

755 3383 788 3446 et
802 3391 861 3464 per
884 3367 1082 3440 absolutione
1099 3367 1271 3440 memorati
1293 3367 1418 3442 consuli
1439 3375 1474 3437 et
1490 3389 1555 3438 una
1569 3387 1679 3450 secum
1694 3365 1819 3447 abendo
1835 3365 2040 3438 enocrurem
2055 3387 2180 3441 merne-

755 3507 826 3570 rnto
850 3497 984 3572 domino
1012 3495 1151 3568 iohanne
1174 3519 1237 3590 ego
1259 3517 1320 3589 pro
1343 3496 1375 3568 ei
1398 3495 1571 3590 subscripsi
1594 3505 1626 3568 et
1649 3495 1819 3586 memorati
1843 3493 1905 3588 tari
1921 3495 2054 3569 traditos
2069 3495 2183 3594 vidi†

850 3621 882 3719 †
905 3647 967 3720 ego
990 3622 1145 3696 iohannes
1170 3620 1346 3693 abboontor
1369 3619 1543 3714 subscripsi
1566 3619 1598 3718 †

850 3749 881 3846 †
904 3773 967 3846 ego
990 3749 1145 3822 iohannes
1169 3747 1255 3819 filim
1277 3745 1401 3820 domini
1423 3747 1538 3820 steiani
1561 3757 1693 3840 rogatus
1717 3773 1737 3819 a
1759 3749 1988 3845 suprascriptas
2023 3773 2180 3860 mannas

756 3889 790 3950 et
814 3904 875 3972 pro
898 3878 1100 3952 absolutione
1134 3875 1342 3974 suprascripti
1376 3873 1502 3950 consuli
1526 3877 1598 3950 testi
1621 3875 1795 3972 subscripsi
1817 3887 1851 3950 et
1873 3879 2080 3978 suprascripti
2119 3879 2183 3952 tari

757 4005 890 4079 traditos
913 4005 981 4078 bidi
1004 4005 1036 4102 †

854 4123 885 4220 †
908 4149 971 4219 ego
994 4135 1105 4220 petrus
1127 4130 1213 4202 filim
1236 4131 1362 4206 domini
1386 4131 1535 4207 iohannis
1564 4143 1698 4227 rogatur
1730 4159 1750 4206 a
1777 4135 2007 4232 suprascriptas
2029 4157 2181 4242 personas

757 4276 818 4348 pro
843 4251 1042 4325 absolutione
1065 4257 1272 4352 suprascripti
1295 4257 1435 4333 consulis
1458 4257 1532 4331 testi
1553 4256 1726 4360 subscripsi
1748 4269 1782 4332 et
1804 4261 2012 4358 suprascripti
2031 4263 2092 4350 turi
2109 4273 2183 4334 tra*

756 4380 841 4454 ditos
865 4377 932 4452 bidi
958 4377 989 4476 †

853 4502 884 4599 †
908 4527 970 4601 ego
993 4506 1120 4601 sergius
1142 4507 1228 4582 tilius
1251 4507 1374 4580 domini
1396 4507 1546 4584 iohannis
1572 4519 1704 4608 rogatur
1736 4536 1756 4583 a
1778 4512 2013 4612 suprascriptas
2035 4535 2187 4609 parsurm

752 4637 792 4700 et
814 4650 874 4722 pre
899 4627 1101 4704 absolutione
1134 4632 1344 4730 suprascripti
1375 4635 1516 4711 consutis
1539 4637 1614 4715 testi
1638 4635 1813 4734 subscripsi
1837 4649 1870 4712 ot
1892 4639 2102 4736 suprascripti
2126 4637 2188 4714 tari

755 4753 891 4834 taeitos
913 4755 982 4829 bidi
1004 4759 1036 4856 †

853 4887 884 4978 †
908 4885 978 4984 Ego
1001 4897 1111 4983 petrus
1134 4889 1272 4964 Curiatii
1295 4891 1464 4989 Compleri
1488 4903 1521 4966 et
1544 4896 1666 4969 absolvi
1691 4899 1743 4974 die
1766 4909 1798 4972 et
1813 4897 1988 4975 indictione
2011 4909 2189 4988 memorata

758 5017 863 5112 prima
886 5013 918 5108 †
