4876 6532
1438 677 1579 785 (tto)

780 848 912 920 sienem
937 847 970 914 et
992 859 1159 935 nunquam
1182 841 1431 934 presummimus
1454 864 1513 913 uos
1536 848 1593 916 aut
1609 843 1745 936 posteris
1760 844 1876 920 nostris
1891 865 1951 914 neo
1966 843 2143 920 habeamus
2159 849 2207 922 ii-

780 971 919 1044 centiam
931 972 1108 1070 memorata
1132 971 1242 1035 uestra
1257 965 1389 1036 eeclesia
1412 965 1513 1036 sumti
1535 964 1641 1036 seheri
1655 987 1731 1042 eum
1745 965 1896 1040 omnibus
1911 970 2097 1040 memoratis
2111 993 2155 1042 ex
2168 997 2207 1046 ea

779 1096 978 1196 pertinentes
994 1089 1209 1186 omnibusque
1225 1092 1270 1163 eis
1286 1091 1520 1186 pertinentibus
1536 1103 1573 1163 ut
1589 1115 1685 1186 super
1697 1093 1818 1187 legitur
1833 1093 1983 1167 omnibus
2007 1095 2120 1168 diebus
2142 1097 2209 1172 rite

780 1229 838 1292 tue
852 1218 913 1290 tihi
929 1215 1040 1288 tollere
1054 1223 1110 1286 aut
1133 1221 1164 1284 te
1180 1215 1297 1287 exinde
1321 1216 1425 1286 eicere
1448 1239 1509 1286 neo
1531 1215 1674 1310 qualibet
1696 1217 1874 1288 sacerdotes
1897 1217 1950 1288 rel
1975 1219 2128 1294 olmieum
2152 1229 2209 1292 aut

782 1341 979 1416 monaahum
994 1347 1050 1410 aut
1066 1337 1128 1408 alia
1143 1337 1258 1430 quisvis
1273 1357 1409 1426 persona
1432 1336 1552 1407 ibidem
1566 1337 1694 1409 mittere
1710 1361 1768 1432 per
1784 1339 1912 1410 nullum
1926 1342 2136 1416 notumne
2150 1364 2211 1436 per

782 1467 959 1544 summissis
981 1461 1125 1556 personis
1148 1484 1208 1532 nee
1230 1483 1289 1552 per
1312 1461 1438 1533 nullum
1461 1461 1732 1537 humanorvitrio.
1758 1475 1831 1560 post
1846 1478 1956 1539 summ
1971 1477 2065 1538 tuum
2084 1468 2208 1540 oms-

784 1605 855 1667 tum
878 1593 1055 1662 memorata
1079 1583 1210 1656 eeclesia
1245 1599 1353 1658 nostra
1376 1609 1452 1659 oum
1482 1589 1632 1662 omnibus
1666 1592 1852 1667 memoratis
1880 1615 1923 1664 ex
1945 1616 1983 1663 ea
2013 1592 2209 1686 putinestes

783 1717 997 1807 omnibusque
1020 1711 1066 1785 eis
1089 1711 1320 1822 pertinentibus
1349 1723 1383 1787 et
1396 1739 1480 1790 ,eum
1502 1719 1611 1792 omnia
1634 1743 1699 1815 que
1722 1739 1781 1813 per
1803 1718 2042 1792 imbentaneum
2064 1717 2125 1788 tibi
2149 1725 2208 1788 at-

784 1837 1015 1936 signaverimus
1038 1836 1073 1908 in
1096 1844 1204 1908 nostra
1227 1838 1427 1936 posterisque
1451 1843 1568 1914 nmtris
1592 1851 1837 1936 memoratoque
1857 1849 2014 1912 sanetoet
2027 1840 2207 1912 sonereitili

784 1974 896 2040 nostro
921 1965 1115 2038 monasterio
1138 1964 1340 2037 rebertantur
1363 1977 1396 2040 et
1418 1969 1482 2040 sint
1503 1977 1694 2063 potestatem
1706 1968 1865 2064 qtridquid
1889 1969 2005 2040 exindo
2020 1968 2125 2039 faeere
2140 1991 2211 2040 ro·-

789 2094 956 2168 luerimus.
986 2096 1014 2164 si
1039 2116 1120 2165 vem
1143 2093 1264 2165 movile
1288 2093 1336 2186 flii
1359 2096 1509 2168 offertum
1528 2097 1630 2170 tuerit
1653 2097 1688 2168 in
1711 2097 1832 2167 tussit
1855 2105 2044 2190 potestatem
2074 2097 2214 2170 faciendi

786 2222 904 2292 exiude
937 2223 1026 2316 quos
1061 2221 1214 2293 volueris.
1248 2221 1278 2294 si
1310 2234 1419 2296 sutem
1450 2224 1605 2296 inmovile
1633 2223 1679 2295 ibi
1710 2223 1859 2296 offertum
1882 2223 1979 2294 fuerit
2008 2231 2080 2315 post
2112 2232 2209 2294 tuum

786 2345 954 2416 transitum
979 2345 1015 2414 in
1036 2347 1234 2439 possessione
1256 2359 1433 2420 memorate
1456 2349 1588 2421 emlesie
1607 2349 1719 2418 'noste
1742 2369 1906 2418 remouere
1931 2345 2057 2418 debeas
2087 2345 2209 2420 mrem

786 2495 846 2544 ros
867 2481 1048 2544 memorato
1071 2473 1157 2546 leoni
1179 2484 1212 2545 et
1234 2477 1336 2547 maria
1359 2474 1480 2569 iugales
1503 2501 1522 2546 e
1546 2475 1599 2546 die
1621 2473 1760 2568 presenti
1783 2472 1953 2542 ofleruistis
1976 2481 2009 2542 et
2034 2469 2206 2542 truditistis

787 2603 823 2672 in
848 2599 961 2672 eadem
984 2599 1117 2672 emissis
1139 2609 1248 2673 nostra
1270 2601 1369 2673 saneti
1393 2602 1506 2674 seheri.
1538 2601 1631 2674 iDest
1656 2622 1759 2678 utrum
1781 2599 1926 2672 modium
1951 2609 2036 2672 terre
2060 2601 2101 2670 de
2126 2608 2209 2669 terra

788 2735 895 2798 vestra
918 2747 983 2819 que
1017 2733 1153 2796 vocatur
1176 2733 1210 2798 et
1231 2727 1362 2820 ponitur
1389 2725 1423 2798 iu
1444 2726 1587 2820 paravoii
1617 2727 1678 2797 hoe
1702 2735 1749 2798 est
1772 2751 1791 2796 a
1814 2733 1903 2820 porte
1938 2723 2114 2794 meridiana
2151 2745 2211 2816 per

793 2874 905 2946 passos
938 2861 1158 2924 memorem
1191 2855 1286 2924 sicuti
1318 2855 1519 2926 consuetudo
1544 2863 1594 2926 est
1621 2877 1809 2928 mensurare
1838 2856 1879 2926 ad
1913 2875 2040 2947 passum
2070 2855 2211 2925 terreum

794 2984 903 3048 ennete
926 2976 1127 3071 neapolitano
1149 2977 1280 3048 moleto
1303 2977 1438 3074 absque.
1463 2978 1517 3049 iiia
1540 2979 1669 3073 empulo
1685 2978 1743 3073 qui
1758 2978 1804 3049 ibi
1818 2987 1866 3050 est
1885 2978 1919 3048 iu
1935 2977 2042 3046 medio
2056 2999 2120 3047 una
2137 2995 2211 3047 num

794 3101 966 3176 erroribus
979 3109 1012 3173 et
1026 3101 1194 3174 introitum
1207 3121 1303 3176 suum
1318 3105 1531 3202 omnibusque
1546 3105 1608 3177 siri
1622 3104 1861 3198 pertinentibus.
1886 3103 2034 3188 Habente
2047 3102 2115 3195 ipse
2130 3123 2209 3172 mo-

794 3229 888 3302 dium
914 3238 1000 3301 terre
1016 3253 1035 3300 a
1053 3237 1144 3324 parte
1168 3231 1390 3325 septentrionis
1404 3229 1565 3327 reliquum
1580 3255 1622 3307 ex
1637 3233 1705 3325 ipsa
1729 3241 1814 3302 term
1837 3253 1902 3325 que
1919 3229 2010 3300 vobis
2030 3228 2209 3300 reservasti.

794 3365 828 3426 et
850 3354 886 3426 iu
911 3354 1111 3448 aliqumtum
1134 3357 1175 3426 de
1197 3364 1283 3428 terra
1306 3357 1462 3426 huetium
1479 3357 1639 3450 quondam
1654 3355 1757 3446 boniti
1781 3355 1820 3427 tie
1836 3353 2064 3426 bonamammi.
2083 3379 2102 3424 a
2119 3363 2209 3446 parte

795 3486 903 3552 summ
927 3480 1101 3556 occidentis
1123 3489 1208 3550 terra
1227 3489 1265 3550 et
1287 3481 1414 3573 scapula
1449 3479 1581 3574 quidem
1604 3479 1694 3572 pauli
1723 3487 1757 3550 et
1777 3479 1880 3550 marie
1902 3479 2025 3570 iugales
2059 3499 2215 3569 germano

795 3619 829 3678 et
851 3615 990 3702 cognato
1014 3607 1138 3680 uosvis.
1163 3616 1230 3678 eta
1254 3618 1343 3701 perte
1366 3605 1522 3680 trementis
1537 3621 1570 3678 et
1583 3606 1730 3681 meridiei
1753 3615 1838 3678 terra
1860 3603 2029 3677 memorati
2052 3604 2210 3675 heredum

795 3733 965 3804 memorati
989 3731 1093 3802 boniti
1126 3731 1168 3804 de
1200 3729 1417 3801 bonamammi
1441 3731 1537 3804 sicuti
1559 3730 1593 3803 in
1623 3729 1692 3822 ipsa
1715 3730 1889 3802 mutiam
1922 3737 2046 3823 partem
2068 3729 2212 3798 iuter-so

793 3860 914 3930 extinat
937 3857 1051 3950 egripo
1073 3857 1293 3928 communalis.
1318 3867 1354 3925 ut
1377 3879 1418 3926 ev
1441 3856 1573 3928 odierna
1595 3855 1647 3927 die
1664 3855 1700 3924 in
1715 3855 1826 3926 eadem
1842 3853 1974 3926 eeclesia
1991 3861 2100 3924 nostra
2114 3851 2215 3922 saneti

794 3985 898 4055 seheri
921 3985 987 4054 sint
1009 3993 1209 4076 potestatem.
1238 4007 1256 4052 a
1281 4005 1339 4054 ros
1363 3993 1470 4054 autem
1493 4005 1553 4053 nee
1576 4007 1595 4051 a
1619 3982 1734 4052 vestris
1757 3979 1929 4054 heredibus
1955 4001 2122 4074 nunquam
2145 3977 2213 4070 ipsa

794 4111 925 4180 eeclesia
942 4119 1050 4178 nostra
1065 4109 1180 4188 habeat
1194 4109 1312 4179 exinde
1329 4109 1502 4200 attqoendo
1515 4107 1758 4202 requisitionem
1773 4117 1829 4179 aut
1846 4107 1989 4180 molmtia
2013 4129 2072 4200 per
2085 4104 2212 4181 nauum

798 4234 931 4302 modum
956 4253 1015 4300 nee
1037 4251 1096 4322 per
1120 4227 1300 4299 summissis
1320 4231 1464 4322 personis
1479 4229 1521 4300 ha
1544 4251 1631 4300 nune
1649 4239 1681 4300 et
1695 4229 1904 4324 imperpetuis
1926 4229 2135 4324 temporibus.
2158 4229 2214 4337 [m

795 4378 891 4450 super
907 4356 1002 4426 omni
1023 4367 1170 4450 tempore
1194 4375 1252 4430 vos
1267 4366 1300 4426 et
1316 4356 1453 4428 heredes
1474 4357 1585 4426 vostris
1600 4356 1713 4432 eidem
1728 4357 1859 4439 ecclesie
1873 4367 1982 4428 nostro
1996 4365 2210 4431 memoratum

795 4481 940 4554 modium
965 4493 1049 4550 terte
1066 4481 1162 4574 quod
1184 4481 1333 4571 superius
1357 4477 1476 4548 ilridem
1499 4471 1670 4552 offeruistis
1694 4480 1734 4550 ah
1756 4479 1861 4560 omnis
1890 4477 2037 4550 homines
2057 4480 2215 4572 omnique

794 4625 931 4698 persons
955 4607 988 4674 in
1012 4605 1160 4675 omnihus
1184 4607 1341 4676 antestare
1363 4605 1582 4677 etdafensare
1596 4605 1744 4679 ¹debeatis
1768 4605 1802 4674 in
1826 4615 2035 4698 perpetuum:
2062 4603 2147 4688 Quia
2171 4604 2215 4674 iu

795 4727 889 4799 nohis
912 4727 1118 4820 eotnplacui:
1156 4727 1183 4796 si
1207 4738 1314 4798 eutem
1338 4749 1397 4796 nes
1420 4738 1476 4796 aut
1498 4727 1771 4819 posterisnnstris
1795 4728 1846 4798 vel
1859 4735 2214 4800 memoratusssnctus

796 4865 830 4924 et
853 4853 1042 4925 venerahilis
1058 4863 1173 4924 uester
1195 4853 1407 4963 monasterius
1429 4854 1548 4946 quotis
1561 4861 1716 4945 'tempore
1738 4863 1849 4924 eontra
1873 4853 1957 4923 hane
1978 4852 2158 4927 choreum
2182 4861 2218 4924 ut

796 4999 904 5080 super
918 4981 1036 5073 iegitur
1059 4979 1172 5052 venire
1196 4979 1462 5076 promeruimus
1485 5001 1545 5078 per
1566 4979 1686 5074 quotis
1701 4979 1834 5052 umam
1859 4989 1915 5050 aut
1944 4979 2124 5057 suum'usis
2138 4999 2218 5079 per-
