4854 6528
1445 580 1462 673 (
1490 581 1556 650 146
1582 578 1595 674 )

811 739 930 812 abeatis
954 757 1161 834 quacumque
1185 731 1396 828 requisitione
1419 739 1476 802 aut
1500 729 1646 802 molestia
1670 737 1723 799 ten
1748 737 1784 798 tn
1807 729 1865 823 qui
1889 751 1986 824 supra
2019 731 2153 806 domino
2177 760 2237 810 ce-

811 868 897 937 sario
921 887 1086 960 quamque
1110 862 1173 934 tuis
1196 860 1370 933 heredibus
1393 881 1452 954 per
1473 857 1601 938 nubum
1625 857 1759 930 modum
1787 879 1848 928 nec
1872 880 1931 952 per
1954 859 2133 932 summissis
2156 885 2237 957 per.

813 993 901 1064 sonis
924 992 959 1062 in
982 1000 1205 1084 perpetuum:
1242 989 1377 1082 Insuper
1399 995 1433 1058 et
1456 1009 1497 1056 av
1521 986 1610 1058 omni
1633 985 1944 1081 homine'omnique
1973 1009 2110 1080 persona
2142 991 2230 1066 omni

810 1127 956 1212 tempore
979 1139 1043 1211 ego
1066 1125 1100 1189 et
1123 1115 1256 1188 heredes
1293 1114 1410 1185 nostris
1433 1113 1493 1184 tibi
1516 1113 1647 1210 tuisque
1670 1113 1843 1188 heredibus
1871 1113 1989 1188 exinde
2013 1116 2048 1186 in
2084 1117 2235 1190 omnibns

811 1255 967 1317 antestare
982 1251 1015 1314 et
1030 1243 1195 1316 defensare
1211 1243 1396 1314 deveamus:
1421 1248 1554 1334 propter
1577 1241 1667 1336 quod
1690 1239 1906 1334 accepimusa
1925 1250 1958 1312 te
1975 1242 2092 1316 exinde
2108 1243 2142 1314 in
2159 1268 2235 1340 pre·

811 1371 907 1445 sentis
929 1370 1013 1442 idest
1036 1369 1108 1440 auri
1130 1367 1252 1442 sohdos
1273 1390 1332 1440 serr
1352 1366 1558 1463 bythinnteos
1581 1367 1616 1440 in
1639 1377 1771 1440 cantum
1785 1369 1820 1440 in
1835 1389 1966 1441 omnem
1989 1369 2152 1442 decisione
2176 1395 2234 1446 seu

813 1495 1041 1572 deliberatione
1061 1495 1146 1568 sicut
1168 1497 1255 1568 inter
1277 1495 1369 1568 nohis
1392 1495 1575 1570 consueuit:
1594 1495 1622 1567 si
1646 1505 1754 1568 autem
1768 1519 1827 1568 nos
1845 1505 1901 1569 unt
1919 1495 2091 1572 heredibus
2115 1502 2236 1574 nostris

813 1624 927 1721 quohis
951 1630 1097 1716 tempore
1120 1629 1233 1694 contra
1256 1620 1340 1696 hauc
1362 1619 1543 1694 chartulam
1566 1622 1762 1696 venditionis
1784 1630 1823 1694 ut
1844 1645 1942 1717 super
1973 1623 2092 1718 legitur
2121 1627 2234 1700 venire

809 1748 1075 1846 presumserinnus
1097 1754 1131 1818 et
1153 1745 1188 1818 in
1212 1745 1336 1841 ahquid
1357 1745 1496 1818 hodensi
1519 1745 1676 1820 fuerimus
1692 1770 1751 1842 per
1773 1744 1891 1842 quobis
1912 1746 2047 1820 modum
2063 1757 2119 1820 aut
2134 1771 2229 1820 sunr-

811 1873 916 1946 missis
938 1871 1083 1966 personis
1106 1879 1183 1942 tunc
1206 1869 1432 1964 componimus
1455 1891 1516 1942 nos
1538 1878 1572 1941 et
1593 1869 1768 1942 heredibus
1790 1870 1907 1942 nostris
1930 1869 1990 1942 tibi
2013 1871 2143 1966 tuisque
2165 1873 2231 1944 he-

811 1997 942 2072 redibus
965 1995 1038 2068 auri
1059 1993 1179 2068 solidos
1203 1993 1393 2088 triginusex
1416 1992 1620 2089 bythianteos
1653 2003 1686 2068 et
1714 1993 1775 2066 hec
1798 1993 1942 2066 chartula
1974 1995 2165 2068 venditionis
2198 2009 2236 2071 ut

810 2146 909 2219 super
931 2122 1050 2216 legitu
1072 2120 1114 2196 sit
1135 2121 1229 2194 tirma
1254 2124 1374 2228 scripta
1396 2144 1455 2216 per
1478 2143 1593 2200 manus
1616 2121 1699 2216 petri
1722 2121 1886 2216 scriptoris
1922 2123 2080 2216 discipulo
2109 2124 2233 2196 domini

812 2251 952 2346 gregorii
977 2248 1090 2320 curiali
1114 2258 1147 2322 et
1169 2249 1334 2322 scriniarii
1351 2249 1492 2322 scribere
1514 2259 1647 2344 rogatus
1670 2272 1728 2344 per
1746 2259 1923 2322 memorata
1947 2271 2033 2322 nona
2055 2250 2230 2324 indictione

909 2378 973 2448 hoc
995 2377 1125 2471 signum
1148 2375 1180 2472 †
1203 2397 1317 2448 manns
1339 2374 1510 2448 memorati
1541 2373 1676 2468 sapatini
1699 2383 1732 2445 et
1754 2374 1837 2467 petri
1871 2387 2051 2446 memorato
2084 2379 2231 2470 sapatino

812 2527 886 2578 curu
911 2527 1100 2578 consensum
1123 2512 1300 2578 memorate
1323 2504 1425 2576 marie
1448 2502 1580 2598 coniugi
1611 2524 1670 2574 sue
1693 2503 1781 2596 quod
1805 2525 1868 2595 ego
1891 2503 1951 2596 qui
1974 2513 2172 2574 memoratos
2195 2527 2235 2574 er

813 2629 859 2702 eis
881 2637 1016 2726 rogatus
1039 2651 1100 2724 pro
1123 2626 1170 2700 eis
1192 2605 1365 2722 subscripsi
1388 2637 1421 2700 et
1445 2636 1642 2702 memoratos
1664 2625 1782 2700 solidos
1805 2626 1939 2698 traditos
1962 2626 2085 2720 ridi†

907 2755 938 2850 †
961 2757 1033 2850 Ego
1056 2755 1211 2828 iohannes
1232 2753 1369 2830 Curialis
1391 2765 1524 2848 rogatus
1547 2761 1773 2826 ememorates
1795 2773 1948 2845 personas
1962 2752 2037 2826 testi
2059 2752 2235 2848 subscripsi

815 2893 847 2954 et
870 2891 1064 2956 memoratos
1088 2881 1207 2954 solidos
1231 2882 1365 2954 traditos
1388 2881 1457 2954 bidi
1480 2880 1511 2976 †

909 3007 940 3102 †
964 3031 1026 3102 ego
1048 3019 1158 3104 petrin
1182 3010 1267 3084 hhus
1291 3011 1416 3084 domini
1439 3011 1588 3084 iohannis
1612 3021 1743 3105 rogatus
1774 3035 1793 3080 a
1817 3010 2048 3104 suprascriptas
2080 3030 2233 3103 personas

819 3137 892 3213 testi
915 3136 1087 3235 subscripsi
1111 3148 1144 3212 et
1166 3139 1399 3235 suprascriptos
1423 3139 1543 3214 solidos
1567 3139 1700 3212 traditos
1724 3137 1793 3210 bidi
1817 3135 1848 3231 †

914 3261 945 3358 †
969 3286 1031 3358 ego
1053 3265 1178 3362 sergius
1202 3265 1288 3338 fitius
1310 3265 1437 3339 domini
1459 3265 1607 3340 iohannis
1629 3275 1761 3360 rogatus
1783 3289 1804 3336 a
1827 3267 2056 3360 suprascriptas
2080 3288 2231 3360 personas

821 3391 893 3464 testi
915 3387 1088 3486 subscripsi
1111 3399 1144 3466 et
1166 3391 1398 3484 suprascriptos
1422 3391 1542 3464 solidos
1564 3391 1698 3464 traditos
1721 3389 1788 3462 bidi
1811 3391 1842 3486 †

911 3515 1040 3612 †Ego
1063 3515 1234 3613 gregorius
1258 3516 1396 3588 Cerialis
1420 3525 1452 3588 et
1476 3515 1660 3588 scriniarius
1682 3515 1848 3612 Complevi
1873 3538 1931 3610 per
1952 3529 2125 3588 memorata
2150 3519 2231 3591 indi-

817 3644 921 3718 ctione
945 3669 1028 3718 nona
1052 3643 1084 3738 †
