4954 6532
956 606 968 700 t
998 614 1077 706 ιε)

970 895 1067 970 LVII.

1564 1093 1582 1124 Ι

402 1149 429 1244 i·
461 1151 653 1222 innomine
688 1149 811 1222 domini
844 1151 896 1227 dei
930 1153 1096 1226 salvatoris
1131 1155 1231 1226 nostri
1267 1155 1361 1228 ihesu
1384 1159 1500 1231 Christi
1538 1163 1718 1258 imperante
1795 1185 1846 1233 an.

305 1279 435 1352 domino
460 1285 570 1366 poetro
593 1277 800 1350 Constantino
830 1299 948 1374 magno
977 1279 1171 1374 Imperatore
1194 1302 1279 1351 anno
1302 1283 1643 1380 quadragesimotertio
1667 1295 1723 1364 sed
1778 1291 1857 1358 951.

305 1418 337 1478 et
368 1429 504 1514 romano
537 1429 656 1500 magno
688 1405 882 1500 imperatore
917 1407 986 1478 eius
1021 1408 1088 1479 iiiio
1120 1431 1205 1480 anno
1233 1421 1325 1482 sexto
1349 1412 1401 1483 die
1433 1413 1724 1492 vicesimoeomda

303 1532 421 1604 mensis
452 1530 561 1624 aprilis
593 1530 767 1605 indictione
799 1553 883 1602 nona
917 1532 1058 1626 neapoli.
1096 1531 1229 1606 &rhum
1265 1545 1312 1606 est
1344 1557 1404 1607 nos
1428 1537 1584 1612 iohannes
1607 1547 1640 1609 et
1664 1565 1724 1616 ce-

301 1658 388 1728 san'o
410 1657 546 1730 uterinis
569 1658 731 1751 germanis
751 1637 828 1728 ‘filiis
847 1656 980 1752 quidem
1006 1658 1130 1730 domini
1153 1657 1345 1754 stephaniA
1370 1663 1509 1756 presenti
1536 1664 1589 1736 die
1605 1687 1721 1758 prom-

300 1785 423 1857 tissima
457 1785 638 1858 uoluntate:
676 1785 939 1858 Uennndedimus
972 1796 1005 1857 et
1028 1785 1219 1856 tradidimus
1254 1787 1348 1859 vohis
1378 1789 1511 1864 domino
1545 1793 1715 1868 benedicto

301 1912 446 1984 ummiiis
479 1916 632 2006 igumeno
654 1913 840 1984 monasterii
864 1927 1047 1986 sanctorum
1079 1913 1177 2008 sergii
1201 1923 1234 1985 et
1255 1913 1350 1986 haehi
1374 1918 1448 2010 quiv
1466 1939 1553 1988 nune
1576 1941 1717 2014 congre-

300 2029 893 2131 gatusestinmonastariosanotornm
902 2037 1051 2112 theodori
1066 2047 1099 2112 et
1120 2039 1289 2112 sevastiani
1309 2041 1367 2134 qui
1391 2041 1570 2141 appellatur
1592 2044 1722 2138 Capicta

300 2167 398 2238 situm
420 2166 455 2235 in
478 2164 665 2236 hiridiario:
691 2167 783 2236 IDest
806 2165 946 2261 integras
969 2190 1027 2240 sex
1049 2168 1160 2238 uncias
1183 2177 1307 2238 nostras
1331 2169 1372 2239 de
1396 2167 1521 2263 integra
1544 2179 1631 2242 terra
1654 2195 1721 2266 que

301 2293 485 2364 nommatm
515 2291 660 2364 hihituru
694 2294 800 2387 posita
837 2294 876 2364 ad
913 2294 1046 2365 tertium
1069 2293 1246 2385 pertinente
1280 2293 1373 2364 nohis
1397 2295 1572 2390 equidem
1603 2301 1717 2372 nomi-

301 2431 377 2492 nato
410 2418 558 2514 genitori·
583 2429 693 2492 nostro
728 2431 776 2488 set
799 2419 952 2489 indivisas
989 2419 1107 2490 reiaeet
1136 2441 1211 2492 cum
1235 2419 1312 2490 ah'as
1344 2445 1403 2494 sex
1425 2423 1536 2496 uncias
1559 2426 1716 2501 heredum

300 2547 464 2640 quendam
489 2542 610 2618 domini
632 2541 781 2614 iohannis
804 2541 874 2612 thio
898 2553 1008 2612 nostro
1032 2565 1096 2612 una
1119 2565 1196 2614 eum
1218 2543 1352 2615 introito
1376 2567 1436 2618 suo
1453 2533 1718 2644 homnihnsque:
1770 2603 1780 2623 .

299 2668 363 2736 siri
386 2664 635 2759 pertinentibus:
665 2662 845 2734 Ceherento
857 2661 919 2732 sivi
934 2661 1077 2732 insimul
1094 2662 1135 2734 de
1150 2663 1327 2738 unoiatere
1344 2677 1435 2760 parte
1448 2667 1605 2740 horientis
1628 2679 1716 2742 terra

301 2801 333 2860 et
356 2789 489 2860 hortum
512 2811 569 2859 seu
592 2798 625 2859 et
648 2787 817 2858 introitum
841 2785 898 2880 qui
922 2783 1061 2877 ingredit
1077 2767 1124 2855 'ad
1148 2784 1272 2856 molino
1304 2790 1463 2862 nominati
1492 2791 1595 2864 saneti
1617 2793 1720 2862 vestri

300 2914 497 2986 monasterii.
532 2924 564 2984 et
595 2915 636 2984 de
669 2914 734 2984 aiio
756 2913 855 2984 latere
880 2925 965 2984 terra
988 2911 1136 2985 iohannis
1157 2922 1190 2984 et
1212 2911 1359 3006 stephani
1384 2917 1520 2988 uterinis
1556 2919 1718 3012 germanis

298 3042 373 3114 fiiiis
404 3041 535 3136 quidem
569 3041 691 3114 domini
726 3041 842 3114 marini
875 3040 969 3112 sicuti
999 3039 1084 3112 iuter
1116 3061 1151 3112 se
1174 3041 1320 3114 terminis
1358 3043 1487 3114 exfinat.
1513 3045 1610 3116 etde
1646 3065 1715 3118 nno

298 3167 401 3262 capite
437 3179 545 3262 parte¹
565 3168 741 3240 meridiana
780 3181 867 3238 terra
904 3166 1017 3240 stefani
1052 3163 1112 3260 qui
1150 3188 1246 3262 super
1281 3189 1400 3240 nomen
1439 3169 1577 3240 iasano:
1621 3169 1717 3241 sicuti

299 3295 383 3366 inter
417 3319 452 3368 se
475 3297 619 3368 terminis
642 3296 773 3366 extinat.
801 3305 834 3366 et
858 3317 900 3366 ex
925 3293 989 3366 alio
1012 3293 1116 3386 eapite
1140 3301 1188 3365 est
1210 3295 1345 3365 fossatus
1369 3296 1403 3365 in
1427 3317 1494 3389 quo
1518 3304 1567 3367 est
1601 3315 1717 3368 cursus

298 3443 381 3518 aque
417 3423 475 3519 qui
498 3425 639 3496 decurrit
662 3425 702 3496 da
725 3401 890 3494 nominato
924 3419 1048 3492 molino
1070 3420 1227 3492 nominati
1260 3419 1361 3492 vestri
1396 3419 1610 3490 monasteriis
1647 3421 1713 3490 ite·
1836 3421 1839 3430 ’

297 3572 371 3620 rum
408 3551 663 3622 venundedimus
686 3561 719 3623 et
742 3549 933 3638 tradidimus
956 3547 1050 3618 robis
1075 3559 1107 3620 et
1131 3551 1172 3622 de
1195 3548 1311 3643 padule
1335 3547 1393 3640 qui
1416 3544 1522 3614 estin
1545 3543 1649 3638 eapite
1674 3545 1714 3615 de

295 3675 460 3746 nominata
492 3687 576 3745 terra
612 3685 702 3768 parte
729 3673 966 3767 septemtrionis
989 3695 1029 3742 oe
1053 3682 1101 3744 est
1124 3675 1164 3744 de
1187 3671 1355 3742 latitudine
1378 3653 1537 3762 ‹p'uantum
1561 3671 1710 3743 nomina·

295 3813 343 3874 tas
364 3823 424 3874 sex
446 3801 556 3872 uncias
579 3803 619 3872 de
643 3800 806 3870 nominata
830 3809 915 3869 terra
938 3807 986 3869 est
1009 3819 1073 3892 que
1096 3795 1189 3866 vohis
1211 3793 1358 3888 superius
1381 3795 1652 3868 venundedimus.
1681 3811 1713 3870 et

296 3930 337 4000 de
364 3926 565 4029 longitudine
601 3923 765 4018 quomodo
799 3921 888 3992 hadit
922 3943 1025 4014 nsque
1055 3921 1096 3992 ad
1128 3941 1212 4012 aqua
1236 3918 1276 3990 de
1310 3917 1445 3990 flumen.
1488 3920 1573 3994 unde
1610 3924 1711 3997 ahum

296 4063 420 4122 tantum
444 4050 484 4120 de
517 4048 681 4120 nominata
717 4047 834 4140 padule
867 4044 1004 4138 pertinet
1028 4042 1090 4136 ipsi
1127 4039 1261 4113 heredes
1284 4039 1418 4134 quidem
1447 4043 1605 4114 nominati
1640 4048 1707 4118 do-

294 4177 375 4247 mini
412 4175 558 4246 iohannis
594 4173 662 4242 thio
692 4181 802 4241 nostro
827 4179 875 4240 set
898 4169 1017 4240 iterum
1040 4165 1194 4236 indivisas
1216 4163 1380 4236 reiecent:
1411 4189 1475 4238 una
1499 4192 1575 4239 cum
1599 4180 1711 4241 scoto-

294 4305 359 4371 rias
390 4313 421 4372 et
445 4300 578 4372 introito
611 4323 671 4370 suo
703 4295 940 4390 homnibusque
975 4293 1037 4364 sivi
1060 4290 1318 4386 pertinentibus:
1345 4292 1395 4362 De
1418 4315 1484 4386 qua
1507 4293 1589 4364 nihil
1611 4297 1705 4366 nohis

295 4431 412 4507 exinde
437 4429 568 4522 aliquod
590 4425 743 4498 remansit
766 4435 821 4494 aut
844 4419 1080 4494 reservabimus
1103 4428 1150 4488 set
1174 4416 1209 4486 in
1233 4417 1360 4510 integro
1384 4415 1468 4487 siout
1490 4418 1637 4512 superius
1652 4421 1707 4495 le-

296 4559 385 4650 gitur
409 4582 429 4627 a
452 4553 545 4624 nohis
568 4553 661 4624 vohis
684 4551 725 4620 sit
748 4549 966 4620 venundatum
989 4554 1022 4618 et
1047 4543 1200 4616 traditum
1224 4543 1259 4613 in
1282 4551 1389 4614 restra
1411 4545 1613 4640 posterisque
1638 4571 1703 4620 ve-

292 4683 368 4752 stris
390 4689 565 4776 sonetoqup
599 4689 708 4748 restro
730 4670 925 4743 monasterio
950 4671 992 4741 sit
1015 4677 1170 4762 potestate
1193 4691 1324 4764 qnoque
1348 4667 1465 4742 exinde
1498 4671 1604 4743 iacere
1639 4696 1706 4744 vo·
1824 4732 1827 4742 .

293 4804 417 4876 lueritis
450 4804 589 4874 lirerum
624 4821 749 4893 semper
782 4795 926 4869 haveatis
958 4803 1143 4888 potestate:
1170 4803 1203 4865 et
1237 4816 1343 4888 neque
1369 4816 1387 4863 a
1410 4792 1504 4866 nohis
1537 4797 1706 4870 nominato
1736 4793 1741 4804 '

292 4929 442 5002 iohanne.
465 4941 497 5002 et
513 4929 635 5001 cesario
657 4926 792 4999 uterinis
816 4923 975 5018 germanis
998 4945 1102 5018 neque
1127 4920 1280 4994 anostris
1303 4919 1474 4994 heredibus
1496 4945 1555 4996 nee
1578 4926 1705 4996 anohis
