4900 6528
1410 709 1557 806 (ars)

767 875 1012 972 requisitionem
1036 879 1093 944 aut
1115 871 1261 944 molestia
1284 893 1342 965 per
1365 869 1491 942 nullum
1513 865 1650 940 modum
1673 886 1733 938 nec
1756 885 1815 959 per
1838 861 2018 934 summissis
2043 885 2192 958 personas

764 1005 812 1099 lin
834 1027 920 1077 nunc
944 1013 977 1076 st
1002 1001 1209 1096 imperpetuis
1232 997 1444 1094 temporibus.
1469 1020 1511 1069 eo
1534 996 1623 1092 quod
1647 1015 1706 1068 vos
1729 1015 1783 1066 me
1813 992 1850 1063 in
1872 1001 2057 1064 memorato
2085 1003 2193 1068 vestro

769 1133 964 1206 monasterio
987 1132 1131 1224 recipere
1153 1129 1303 1222 diguatus
1329 1149 1363 1199 es
1384 1136 1417 1198 et
1432 1150 1486 1200 me
1509 1124 1556 1194 ibi
1573 1122 1771 1196 monachum
1794 1119 1900 1193 fecisti
1925 1129 2083 1216 quatenus
2107 1133 2195 1199 tuot

770 1257 907 1352 posteris
930 1256 996 1328 tuis
1018 1253 1169 1326 omnibns
1192 1251 1258 1324 vite
1281 1273 1373 1320 mese
1398 1269 1450 1318 me
1474 1245 1619 1318 enutrire
1635 1253 1669 1317 et
1682 1245 1802 1316 hostire
1825 1267 1884 1316 seu
1901 1243 2033 1318 calcium
2054 1247 2195 1320 debeatis

770 1385 866 1458 sicuti
890 1383 1003 1456 ceteris
1026 1379 1191 1450 monachis
1214 1374 1328 1446 uestris
1353 1372 1541 1444 censuistis.
1567 1375 1615 1444 lta
1630 1380 1663 1444 et
1678 1395 1741 1466 ego
1758 1371 1817 1442 tibi
1840 1371 2045 1467 posterisque
2061 1370 2096 1442 iu
2110 1373 2194 1445 obe-

772 1509 891 1584 dientia
914 1517 947 1579 et
969 1510 1004 1574 in
1027 1500 1159 1572 servitio
1181 1519 1249 1570 esse
1272 1495 1429 1590 promitto
1452 1505 1490 1568 ut
1511 1509 1620 1568 sancta
1644 1497 1757 1591 regula
1788 1496 1874 1569 boeti
1898 1495 2006 1568 basilii
2031 1497 2138 1572 docet.
2164 1511 2195 1573 et

772 1657 952 1731 numquam
975 1649 1162 1726 presummo
1185 1648 1245 1700 nec
1267 1625 1394 1698 hanevo
1417 1625 1581 1698 ienuam
1605 1628 1674 1698 sine
1697 1626 1839 1700 iussione
1863 1635 1969 1699 vestra
1987 1649 2030 1700 ex
2048 1625 2120 1722 ipso
2137 1649 2200 1700 vs·

771 1775 841 1836 stro
864 1755 1059 1830 monasterio
1082 1753 1172 1827 exire
1195 1753 1252 1825 sed
1275 1751 1390 1824 diebus
1413 1751 1494 1826 meis
1510 1751 1556 1822 ibi
1571 1753 1664 1826 finire
1688 1753 1856 1850 promitto.
1875 1753 1952 1828 etsi
1968 1754 2039 1826 sine
2054 1754 2197 1828 iussione

773 1897 944 1963 vestraex
967 1885 1038 1980 ipso
1061 1879 1255 1954 monasterio
1278 1880 1390 1952 exiero
1414 1887 1493 1951 tunc
1516 1878 1680 1954 licentiam
1703 1891 1737 1954 et
1760 1890 1951 1976 potestatem
1975 1881 2120 1956 habentis
2139 1905 2198 1980 per
2293 1860 2296 1868 ι

774 2019 873 2092 misso
896 2024 1004 2087 restro
1028 2033 1079 2082 me
1103 2009 1319 2104 appreendere
1342 2015 1375 2080 et
1398 2008 1435 2080 iu
1457 2009 1573 2081 eodem
1596 2017 1706 2082 vestro
1729 2033 1783 2082 me
1806 2011 1963 2082 reducere
1986 2019 2020 2082 et
2043 2031 2097 2082 me
2119 2033 2201 2082 cor-

774 2145 881 2238 ripere
904 2149 941 2212 ut
964 2139 1033 2234 ipsa
1056 2147 1162 2208 saneto
1186 2135 1297 2230 regula
1321 2135 1436 2210 dumi:
1462 2136 1550 2222 Quia
1564 2137 1609 2209 ita
1625 2137 1707 2209 mibi
1722 2137 1924 2232 memplrcni:
1952 2137 1988 2208 st
2011 2147 2121 2211 autem
2138 2159 2200 2230 ego

776 2279 833 2340 out
856 2265 990 2338 heredes
1013 2264 1094 2336 meis
1117 2262 1234 2358 quovis
1257 2271 1402 2356 tempore
1419 2271 1533 2334 contre
1548 2263 1632 2335 hunc
1657 2263 1839 2337 chartulam
1859 2263 2037 2337 offertionis
2060 2263 2205 2358 promis·

778 2395 942 2489 sionisque
966 2403 1003 2463 ut
1025 2413 1121 2484 snper
1144 2389 1262 2482 legitur
1286 2389 1399 2462 venire
1422 2391 1690 2485 presumserinrus
1721 2395 1757 2459 ei
1778 2390 1813 2461 iu
1835 2391 1961 2486 aliquid
1984 2389 2097 2462 offensi
2120 2391 2209 2462 fue-

779 2521 881 2593 rimus
905 2541 965 2613 per
986 2517 1104 2613 quovis
1126 2515 1262 2587 modum
1286 2526 1341 2588 sut
1364 2517 1542 2590 summissis
1567 2539 1728 2612 personas.
1757 2525 1835 2588 tunc
1858 2515 2082 2612 componimus
2107 2513 2207 2585 vobis

779 2645 981 2743 posterisque
1003 2643 1118 2715 vetris
1141 2650 1386 2738 memoratoque
1409 2653 1521 2716 sancto
1536 2655 1569 2714 et
1584 2643 1760 2715 venerabili
1777 2651 1888 2716 restro
1911 2639 2109 2714 monasterio
2135 2637 2210 2712 euri

779 2773 861 2844 librs
884 2793 949 2842 una
972 2766 1174 2864 bytbisntoa:
1199 2777 1232 2838 et
1255 2765 1317 2838 bec
1332 2767 1476 2838 chartula
1500 2769 1642 2862 qualiter
1665 2772 1808 2840 continet
1824 2769 1917 2840 firma
1932 2781 2119 2862 permaneat
2133 2767 2206 2840 im-

781 2909 984 2995 perpetuum.
1015 2896 1132 2990 scripta
1164 2917 1222 2990 per
1255 2917 1368 2966 manus
1399 2894 1533 2966 iohanni
1565 2895 1697 2967 cumulis
1727 2919 1786 2992 per
1815 2895 1989 2970 indictione
2024 2903 2204 2966 memorata

785 3025 920 3120 septime
944 3022 977 3121 †
1542 3013 1547 3018 ¹

880 3151 953 3222 lloc
975 3149 1104 3245 signum
1126 3171 1241 3220 manus
1264 3147 1433 3220 memorati
1459 3145 1604 3242 stephani
1630 3147 1780 3221 moneebr'
1804 3149 1895 3245 quod
1919 3172 1984 3242 ego
1999 3147 2058 3246 qui
2082 3169 2211 3221 memo·

786 3289 873 3349 ratos
896 3277 937 3348 sb
959 3299 1000 3348 so
1023 3275 1148 3370 rogitus
1171 3297 1233 3369 pro
1258 3295 1335 3346 eum
1358 3272 1532 3368 subscripsi
1558 3268 1589 3368 †

882 3414 915 3476 et
938 3401 1000 3474 boe
1023 3409 1220 3472 memoratus
1242 3419 1317 3470 sum
1344 3397 1421 3492 quia
1446 3407 1480 3470 et
1503 3399 1605 3472 offero
1628 3407 1661 3470 et
1682 3397 1776 3472 trado
1807 3399 1899 3471 vobis
1924 3399 2120 3494 posterisque
2147 3423 2213 3472 ve·-

786 3527 859 3600 stris
877 3549 934 3623 per
961 3548 1020 3599 vos
1042 3525 1078 3597 in
1101 3531 1282 3596 memorato
1305 3531 1418 3591 sancto
1438 3529 1472 3592 et
1493 3521 1669 3595 venerabili
1696 3533 1805 3596 vestro
1828 3525 2025 3595 monasterio
2052 3534 2084 3593 et
2100 3545 2212 3594 ornnes

787 3655 918 3728 licerem
939 3665 972 3726 et
987 3651 1192 3748 pertinentias
1215 3669 1303 3720 meas
1318 3649 1359 3718 de
1374 3649 1464 3720 silvis
1487 3649 1575 3722 etde
1590 3650 1719 3745 pedulis
1740 3673 1783 3724 ex
1806 3651 1877 3746 ipso
1901 3652 1974 3722 loco
1993 3653 2209 3746 pumilionum

787 3794 824 3854 nt
839 3785 873 3858 in
888 3793 993 3856 vestra
1017 3781 1216 3877 posterisque
1238 3776 1353 3849 vestris
1368 3773 1432 3847 sint
1456 3787 1647 3872 potestatem
1671 3803 1800 3875 queque
1824 3781 1939 3853 exinde
1964 3781 2069 3852 iacere
2093 3781 2214 3851 volue-

788 3913 867 3982 ritis.
890 3921 922 3983 et
936 3909 964 3981 si
979 3910 1071 3982 aliter
1088 3904 1258 3980 fecerimus
1279 3905 1314 3976 in
1336 3913 1517 3976 memoratu
1540 3927 1645 4000 poena
1670 3905 1892 3978 subiaceamus
1916 3901 1947 4004 †

883 4035 915 4130 †
938 4061 1000 4130 ego
1023 4036 1178 4107 iohannes
1210 4037 1295 4107 iilius
1328 4034 1452 4107 domini
1487 4035 1600 4106 cesarii
1629 4035 1779 4106 monachi
1802 4046 1934 4132 rugettus
1957 4061 1976 4106 s
1999 4039 2215 4132 suprascripto

788 4167 911 4237 steiano
934 4163 1095 4235 nronaclro
1117 4165 1189 4235 testi
1213 4161 1384 4259 subscripsi
1410 4163 1441 4258 †

883 4291 914 4386 †
937 4315 1000 4387 ege
1023 4292 1148 4387 sergius
1174 4291 1256 4362 lilius
1280 4293 1403 4364 dmnini
1422 4291 1555 4384 aligerni
1573 4291 1704 4385 proiecti
1728 4296 1860 4387 rogatus
1876 4295 2124 4391 usuprascripto
2147 4307 2216 4366 stc·

789 4423 865 4491 lano
888 4417 1049 4490 monacho
1073 4418 1144 4490 testi
1169 4415 1341 4511 subscripsi
1366 4415 1398 4513 †

883 4547 915 4644 †
939 4571 1003 4640 ego
1025 4547 1164 4617 cesarius
1187 4544 1274 4616 filius
1296 4543 1419 4617 domini
1434 4543 1526 4638 'petri
1552 4555 1682 4640 rogatus
1707 4571 1724 4618 a
1750 4547 1968 4644 suprascripto
1992 4545 2116 4619 steiano
2138 4567 2215 4615 mo-

791 4673 895 4740 naclto
919 4675 990 4741 testi
1016 4669 1186 4764 subscripsi
1211 4667 1243 4765 †

887 4793 917 4887 †
942 4795 1010 4883 Ego
1035 4793 1188 4864 iohannes
1212 4795 1346 4866 Curialis
1378 4795 1437 4891 qui
1468 4808 1663 4869 memoratos
1692 4811 1763 4894 post
1793 4799 2060 4895 subscriptionem
2087 4797 2216 4869 testium

793 4915 955 5010 Complet'i
980 4927 1012 4983 et
1035 4914 1159 4986 absolsi
1183 4917 1234 4988 die
1258 4933 1290 4989 et
1314 4921 1487 4991 indictione
1511 4935 1686 4992 memorata
1711 4927 1844 5020 septimo
1868 4923 1900 5022 †
