4900 6528
1415 700 1566 796 (nm)

784 877 911 940 moreto
937 864 1070 938 domino
1094 860 1251 956 stephano
1274 857 1455 932 venerabile
1478 855 1712 952 presbiterum:
1749 860 1806 926 ant
1829 853 1894 927 tuis
1921 837 2097 929 heredbu's
2120 859 2212 956 qnod

784 995 866 1086 epsit
889 989 1009 1062 aveatis
1033 987 1150 1059 exinde
1173 1007 1379 1080 quacumque
1402 982 1611 1080 requisitione
1635 987 1692 1052 aut
1713 975 1884 1050 molestia:
1911 1005 1931 1051 a
1955 1001 2021 1052 nnc
2037 991 2070 1054 et
2092 983 2211 1078 inper-

784 1119 907 1214 petuis:
927 1115 1145 1210 temporibus:
1161 1113 1292 1206 imuper
1306 1119 1339 1184 et
1355 1111 1396 1183 ab
1411 1111 1500 1182 omni
1516 1108 1649 1180 homine
1665 1107 1822 1202 omnique
1836 1107 1998 1201 personis:
2016 1110 2107 1182 omni
2123 1119 2213 1184 tern-

793 1271 874 1343 pore
896 1267 957 1318 nos
979 1251 1013 1314 ct
1036 1241 1209 1314 heredibus
1233 1239 1373 1310 nostris:
1400 1236 1461 1306 tiri
1485 1234 1614 1328 tuisque
1637 1232 1811 1307 heredibus
1833 1233 1906 1305 iilos
1929 1247 2081 1310 antestare
2103 1249 2137 1312 et
2151 1241 2215 1312 de-

790 1377 914 1446 sensere
947 1371 1146 1442 demamus:
1183 1369 1317 1456 propter
1348 1361 1438 1454 quod
1471 1361 1653 1455 accepimm
1677 1385 1696 1430 a
1720 1371 1753 1433 te
1776 1362 1917 1437 exinde:
1953 1361 2036 1436 idest
2058 1365 2130 1436 anri
2149 1368 2214 1437 tari

793 1501 905 1574 decem
929 1505 962 1568 et
985 1501 1129 1583 septem:
1156 1485 1239 1556 sicut
1262 1484 1345 1557 inter
1369 1485 1462 1555 novis
1486 1485 1669 1558 eombenit':
1697 1487 1725 1558 si
1749 1495 1858 1560 autem
1881 1489 1975 1562 aliter
1989 1489 2158 1562 fecerimus
2173 1493 2216 1564 de

792 1621 995 1698 isomnibns
1022 1611 1208 1688 memoratis
1240 1635 1300 1706 per
1332 1613 1449 1707 quovis
1480 1613 1617 1686 modum
1649 1622 1705 1686 aut
1736 1615 1914 1688 summissis
1945 1618 2114 1712 personis:
2140 1625 2216 1688 tnnc

793 1745 1019 1841 componimus
1049 1763 1111 1812 nos
1140 1748 1173 1812 et
1205 1738 1380 1810 heredibus
1410 1740 1538 1811 nostris
1571 1741 1632 1812 tiri
1655 1741 1785 1839 tuisque
1808 1742 1981 1816 heredibus
2004 1743 2077 1816 anri
2100 1743 2218 1817 solidos

796 1871 970 1951 duodecim
992 1868 1196 1966 bytianteos:
1222 1874 1256 1938 et
1277 1864 1339 1938 hec
1361 1865 1508 1942 chartule
1533 1871 1726 1944 venditionis
1740 1879 1779 1943 nt
1793 1893 1889 1966 snper
1907 1871 2044 1967 legitur:
2070 1871 2111 1942 sit
2124 1871 2219 1946 firma

794 2001 911 2096 scripta
934 2019 993 2094 per
1016 2017 1116 2070 mann
1140 1991 1227 2066 leoni
1251 1992 1380 2082 curialis
1404 2017 1464 2088 per
1487 2007 1667 2070 memorata
1690 1997 1825 2094 septima
1848 1995 2069 2092 indictione†
2091 1997 2155 2068 hoc
2172 1997 2222 2068 si-

794 2149 897 2223 gnnm
913 2121 944 2220 †
959 2143 1073 2195 msnns
1089 2121 1259 2194 memorati
1273 2119 1383 2192 leoni:
1402 2118 1466 2192 hoe
1480 2121 1612 2216 signnm
1628 2121 1660 2218 †
1676 2143 1790 2195 manus
1808 2129 1985 2196 memorata
1998 2121 2149 2218 gregoria
2163 2121 2223 2192 in-

791 2257 897 2350 gales:
923 2254 986 2324 boc
1001 2253 1129 2346 signum
1143 2249 1175 2347 †
1190 2271 1305 2322 menm
1328 2251 1500 2325 memorati
1516 2251 1585 2324 ursi
1604 2252 1666 2324 hoc
1684 2260 1732 2325 est
1745 2251 1817 2325 thio
1834 2261 1867 2325 et
1881 2261 2014 2348 nepotes
2037 2261 2221 2325 memorato

793 2407 872 2454 urso
895 2403 972 2452 cnm
993 2399 1184 2450 mosomum
1206 2385 1384 2451 memorata
1406 2401 1518 2452 marn:
1543 2377 1674 2472 coniugi
1690 2379 1852 2474 mequod
1866 2401 1927 2472 ego
1942 2379 2001 2474 qni
2023 2385 2225 2450 memoratos

798 2505 838 2576 eb
862 2505 908 2576 eis
934 2509 1064 2596 rogatus
1088 2523 1149 2596 pro
1172 2499 1220 2572 eis
1241 2501 1416 2598 subscripsi
1439 2511 1473 2578 et
1493 2503 1661 2576 memomti
1683 2503 1746 2574 tari
1768 2505 1930 2574 consessus
1949 2501 2181 2598 percepisse†

894 2630 1011 2727 †ego
1033 2629 1158 2724 sergius
1182 2627 1268 2702 filim
1291 2631 1414 2704 domini
1446 2631 1595 2703 iohannis
1617 2631 1768 2703 monachi
1790 2639 1924 2725 rogatm
1947 2656 1967 2702 a
1988 2629 2224 2726 suprascriptas

800 2777 953 2854 personas
975 2753 1048 2829 testi
1073 2753 1246 2848 subscripsi
1270 2763 1303 2826 et
1325 2755 1533 2850 suprascripti
1554 2753 1616 2826 tari
1640 2757 1803 2828 coniessm
1825 2756 2004 2852 percepisse
2026 2754 2059 2850 †

893 2883 925 2976 †
951 2904 1014 2975 ego
1038 2879 1194 2952 iohannes
1217 2879 1304 2950 tilius
1326 2877 1451 2954 domini
1474 2876 1618 2972 gregorii
1641 2887 1807 2973 rogatura
1823 2881 2052 2977 suprascriptas
2073 2903 2228 2978 personas

802 3011 876 3082 testi
899 3009 1073 3103 subscripsi
1096 3017 1129 3080 et
1151 3007 1360 3104 suprascripti
1383 3007 1446 3078 tari
1469 3009 1632 3080 meterem
1655 3007 1835 3103 percepisse
1857 3007 1889 3104 †

900 3135 932 3228 †
956 3157 1019 3230 ego
1052 3131 1230 3206 theodorum
1261 3131 1348 3206 filim
1380 3133 1506 3206 domini
1532 3135 1600 3206 ursi
1628 3141 1761 3228 rogetus
1784 3159 1804 3205 a
1826 3137 2055 3230 suprascriptas
2076 3155 2229 3230 personas

804 3267 877 3338 testi
900 3263 1073 3360 subscripsi
1097 3271 1130 3336 et
1152 3262 1360 3358 suprascripti
1382 3263 1446 3334 tari
1468 3263 1631 3336 confessus
1654 3260 1832 3357 percepisse
1855 3260 1887 3356 †

897 3388 928 3484 †
951 3393 1021 3486 Ego
1049 3391 1103 3468 leo
1133 3389 1271 3466 curialis
1300 3387 1468 3486 Complevi
1498 3397 1531 3464 et
1558 3387 1681 3486 spsolvi
1704 3411 1763 3486 per
1785 3396 1961 3464 memorata
1982 3387 2115 3484 septima
2137 3387 2230 3462 indi-

800 3522 940 3602 ctionem
962 3517 994 3616 †
