4876 6532
913 612 994 707 (⁷⁷
1021 619 1036 702 )

269 781 360 852 aliter
383 775 554 850 fecerimus
579 777 655 845 iunc
679 771 902 867 componimus
925 769 1018 843 vobis
1045 774 1223 866 vestrisque
1255 775 1426 847 heredibus
1458 778 1529 848 auri
1553 777 1672 852 solidos

268 911 379 980 decem
401 904 604 1001 bythienteos
627 911 660 971 et
681 899 743 970 bec
765 895 911 970 chartula
933 896 975 968 sii
998 897 1090 969 firma
1113 900 1229 994 scripta
1252 924 1310 995 per
1325 925 1439 974 munus
1462 903 1594 976 iohanni
1614 929 1675 976 cu.

268 1031 355 1104 rieiis
381 1051 440 1124 per
463 1025 628 1098 nominata
645 1023 820 1096 indictione
1172 1027 1176 1036 ’

361 1159 425 1228 boc
452 1155 583 1248 signum
615 1150 784 1245 †n1unus
811 1157 988 1221 memorata
1018 1151 1174 1245 eupraxia
1206 1174 1282 1224 cum
1315 1173 1473 1226 consensu
1508 1163 1679 1231 memorati

269 1286 330 1356 viri
355 1283 405 1354 sui
427 1281 517 1377 quod
541 1301 603 1372 ego
626 1276 685 1372 qui
720 1283 914 1348 memoratos
946 1295 1007 1368 pro
1030 1273 1062 1346 ei
1085 1273 1259 1383 subscripsi
1282 1285 1315 1349 et
1337 1285 1531 1351 memoratos
1557 1281 1675 1354 solidos

270 1411 429 1481 consessus
452 1403 631 1498 percepisse
654 1401 685 1496 †

361 1506 504 1644 †u[‹}
531 1539 719 1605 uuprurc
743 1535 887 1600 nrnrrc
911 1507 972 1600 ΚΝ
1005 1536 1139 1601 nunni
1162 1537 1358 1602 Porrurc
1381 1539 1410 1601 A
1433 1539 1537 1607 curu
1554 1497 1685 1604 lffb'u

614 1627 815 1644 -ι-ι-ι-
865 1625 1057 1648 -ί-ιο

269 1667 391 1731 rncnr
424 1666 504 1728 cru
527 1663 584 1725 nr
607 1663 712 1726 cero
736 1664 821 1726 con
845 1660 968 1722 reone
989 1658 1185 1724 flunmen
1208 1650 1239 1743 †

363 1781 395 1876 †
418 1785 490 1874 Ego
514 1778 683 1872 gregorius
706 1777 836 1848 curialis
859 1787 991 1870 rogatus
1014 1802 1033 1846 n
1056 1785 1250 1848 memoratos
1273 1776 1396 1870 iugules
1413 1779 1486 1852 testi
1509 1779 1681 1873 subscripsi

270 1921 302 1981 et
326 1917 519 1979 memoratos
544 1905 663 1980 solidos
686 1907 847 1976 consessus
870 1903 1047 1996 percepisse
1070 1909 1101 1996 †
1789 1893 1791 1898 ⁸

366 2025 484 2126 †‘ego
506 2043 617 2126 petrus
641 2031 726 2102 filius
750 2031 871 2101 domini
895 2031 1000 2102 basilii
1024 2043 1156 2126 rogatus
1180 2059 1199 2103 a
1223 2033 1455 2128 suprascriptos
1470 2035 1593 2126 iugales
1609 2036 1683 2104 tcsii

271 2162 448 2252 subscripsi
471 2171 503 2229 et
526 2160 755 2252 suprascriptos
778 2159 897 2229 solidos
919 2161 1079 2233 consessus
1102 2163 1280 2255 percepisse
1304 2159 1334 2252 †

367 2285 398 2378 †
423 2289 493 2379 Ego
511 2287 666 2360 iohannes
682 2289 818 2360 Curiulis
834 2289 1002 2384 Complcvi
1018 2300 1050 2362 et
1065 2290 1188 2363 absolvi
1205 2313 1264 2384 per
1280 2293 1443 2363 nominata
1459 2295 1633 2368 indictione
1650 2293 1680 2388 †
