4854 6528
924 650 1065 745 (uos)

273 799 378 872 missis
401 793 492 870 nullo
514 805 660 892 tempure
683 815 861 891 numquam
884 805 921 867 tu
944 807 1122 872 memorato
1145 809 1237 896 petro
1254 809 1310 874 aut
1324 805 1388 878 tuis
1412 806 1584 885 heredibus
1601 817 1691 908 quod

273 928 358 1000 absit
380 927 499 998 abeatis
531 925 647 998 exinde
679 927 852 1021 aliquando
884 949 1089 1022 quacumque
1121 931 1367 1024 requisitionem
1402 947 1459 1008 aut
1481 943 1626 1015 molestia
1649 945 1692 1016 ha

272 1077 358 1126 nunc
382 1063 415 1126 et
437 1053 633 1152 inperpetuis
655 1055 874 1150 temporibus:
901 1057 1034 1150 Insuper
1058 1065 1091 1128 et
1106 1055 1146 1125 ab
1162 1059 1252 1128 omni
1275 1063 1417 1134 ommiue
1440 1068 1593 1161 omnique
1610 1094 1692 1164 per.

274 1205 352 1256 sona
375 1182 464 1254 omni
487 1191 633 1278 tempore
664 1205 726 1276 ego
757 1195 790 1256 et
822 1183 995 1256 heredibus
1028 1183 1109 1258 meis
1144 1183 1203 1275 tihi
1231 1185 1360 1279 tuisque
1383 1187 1553 1262 heredibus
1576 1197 1693 1268 exinde

273 1307 308 1378 iu
331 1304 480 1378 omnihus
495 1315 652 1378 antestare
668 1317 701 1378 et
716 1309 880 1382 defensare
896 1307 1087 1380 debeamus:
1114 1317 1247 1402 propter
1265 1311 1355 1402 quod
1373 1311 1480 1405 accepi
1498 1336 1517 1382 a
1533 1323 1566 1382 te
1581 1317 1696 1388 exinde

273 1434 309 1506 in
332 1433 487 1527 presentis
510 1433 545 1506 in
568 1455 699 1506 omnem
723 1434 883 1508 decisione
913 1457 971 1506 seu
994 1433 1222 1508 deliberatione
1244 1433 1326 1506 idest
1350 1438 1420 1508 auri
1443 1437 1561 1510 solidos
1585 1440 1696 1512 decem

272 1557 475 1652 hythiunteos
497 1555 534 1628 in
556 1564 696 1630 cantum
719 1557 804 1630 sicut
826 1557 911 1630 inter
933 1557 1026 1630 nohis
1048 1557 1232 1630 combenitr
1269 1561 1402 1654 insuper
1429 1561 1500 1632 dedi
1525 1571 1557 1633 et
1580 1565 1696 1638 tradidi

273 1685 332 1757 tibi
357 1693 478 1756 etune
504 1682 649 1758 chartula
670 1686 838 1760 menbroni
869 1685 986 1774 scribta
1009 1709 1070 1781 pro
1092 1694 1149 1758 tua
1172 1695 1205 1759 et
1231 1687 1272 1760 de
1299 1685 1364 1760 tuis
1387 1687 1558 1760 heredibus
1585 1693 1695 1764 salba-

274 1814 384 1885 tione:
420 1837 486 1909 que
517 1811 593 1882 iecit
609 1813 788 1907 ¹quondam
819 1811 950 1884 domina
981 1812 1135 1908 eupraxia
1166 1811 1298 1885 honesta
1330 1813 1449 1886 femina
1482 1814 1548 1886 filia
1571 1818 1695 1891 domini

276 1939 434 2012 athanasii
457 1939 623 2035 episcopis.
648 1963 714 2014 una
741 1961 818 2034 cum
849 1939 1014 2012 voluntate
1040 1938 1164 2012 domiui
1193 1940 1339 2034 stephani
1365 1941 1476 2012 militis
1503 1942 1568 2014 riri
1590 1943 1641 2014 sui
1665 1956 1698 2015 at

275 2089 395 2145 nomen
425 2070 590 2164 quondam
624 2067 748 2140 domini
781 2068 936 2162 stephano
966 2067 1103 2140 ferrario
1127 2075 1160 2138 et
1183 2067 1284 2138 maria
1306 2067 1452 2162 iugales:
1490 2093 1564 2142 cum
1588 2073 1695 2142 omnia

274 2219 339 2290 que
362 2197 430 2290 ipsu
453 2196 597 2268 chartula
621 2197 782 2268 continet:
817 2203 850 2268 et
876 2195 1071 2291 quandoque
1095 2193 1178 2269 mihi
1201 2194 1346 2288 meisque
1368 2195 1541 2268 heredibus
1565 2221 1694 2270 necessa

274 2321 373 2392 fuerit
404 2329 581 2392 memorata
612 2319 758 2392 chartula
790 2328 824 2390 at
856 2320 1078 2392 antestundum
1111 2325 1188 2390 tunc
1214 2324 1251 2387 tu
1279 2325 1311 2390 et
1333 2314 1504 2390 heredibus
1529 2319 1591 2389 tuis
1614 2317 1698 2388 mihi

274 2444 419 2540 meisque
442 2442 617 2515 heredibus
640 2443 806 2514 ostendere
829 2451 862 2514 et
884 2452 1064 2516 monstrare
1086 2441 1227 2516 debeatis
1258 2451 1291 2516 et
1318 2443 1364 2528 sic
1387 2444 1479 2516 vohis
1502 2443 1575 2516 illos
1599 2453 1695 2514 ante-

274 2577 358 2640 stare
382 2575 416 2639 et
439 2567 604 2640 defensare
627 2564 817 2638 debeamus:
842 2564 988 2658 quisita
1010 2563 1103 2634 nobis
1126 2565 1287 2654 comhenit
1309 2566 1337 2656 si
1360 2576 1468 2640 autem
1487 2567 1579 2640 ahter
1601 2570 1696 2641 iece-

276 2693 379 2764 rimus
402 2691 443 2764 de
466 2691 518 2762 his
541 2689 691 2762 omuibus
720 2686 907 2760 memoratis
938 2707 998 2780 per
1022 2685 1139 2780 quovis
1165 2687 1299 2759 modum
1332 2699 1388 2760 aut
1414 2691 1591 2762 summissis
1613 2713 1695 2786 per-

276 2820 363 2890 sonis
387 2827 464 2892 tunc
487 2841 647 2913 compono
663 2840 725 2913 ego
740 2825 770 2890 et
785 2815 959 2889 heredibus
974 2815 1055 2886 meis
1073 2813 1132 2884 tibi
1146 2814 1276 2911 tuisque
1291 2815 1462 2888 heredibus
1486 2818 1558 2890 auri
1576 2818 1695 2891 solidos

275 2948 408 3042 triginta
431 2969 489 3018 sex
511 2946 713 3042 bythiauteos
735 2955 768 3020 et
791 2971 828 3019 ec
850 2945 994 3018 chartula
1017 2944 1210 3018 venditionis
1225 2956 1263 3018 ut
1278 2970 1375 3040 super
1390 2946 1517 3041 legitur.
1542 2950 1585 3020 sit
1599 2951 1692 3020 firma

274 3072 390 3166 scripta
415 3095 473 3165 per
495 3093 609 3144 manus
631 3070 714 3166 petri
736 3070 871 3144 Coriolis
893 3070 1032 3144 scrihere
1062 3077 1195 3166 rogatus
1228 3093 1286 3165 per
1313 3080 1490 3142 memorata
1518 3073 1696 3166 quartade-

280 3199 364 3270 cima
388 3199 561 3272 indictione
583 3196 614 3292 †

370 3329 442 3398 Hoc
466 3325 593 3420 siguum
617 3321 649 3419 †
671 3291 785 3396 manui
807 3331 985 3397 memorata
1008 3324 1138 3394 cristina
1160 3325 1250 3416 quod
1273 3345 1336 3414 ego
1360 3325 1419 3416 qui
1433 3334 1628 3396 memoratos
1653 3325 1693 3395 ab

276 3475 347 3526 eom
371 3463 504 3548 rogetus
527 3474 588 3548 pro
611 3477 649 3526 ea
671 3451 846 3546 subscripsi
869 3459 902 3522 et
923 3447 1158 3543 suprascriptos
1181 3446 1299 3518 solidos
1322 3447 1456 3518 traditos
1479 3447 1599 3544 uidi†

372 3581 402 3674 †
428 3578 618 3674 Stephanus.
642 3577 819 3672 presbyter.
844 3583 877 3647 et
898 3573 1101 3670 primicerius
1123 3569 1296 3667 subscripsi
1318 3571 1350 3666 †

370 3709 401 3805 †
424 3709 539 3780 Petrus
562 3706 728 3799 presbyter
750 3703 923 3795 subscripsi
945 3701 976 3798 †

370 3833 402 3928 †
425 3833 600 3926 Gregorius
623 3829 788 3924 presbyter
811 3827 984 3920 subscripsi
1002 3825 1033 3922 †

369 3963 401 4058 †
425 3963 538 4035 Petrus
563 3957 729 4052 presbyter
750 3953 923 4048 subscripsi
942 3955 974 4053 †

369 4087 402 4184 †
426 4111 488 4183 ego
512 4085 682 4182 gregorius
703 4082 788 4154 tilius
803 4081 926 4154 domini
941 4079 1089 4152 iohannis
1104 4091 1235 4174 rogatus
1254 4082 1518 4176 asuprascriptas
1541 4103 1694 4176 personas

276 4215 350 4288 testi
374 4212 547 4308 subscripsi
571 4219 604 4285 et
625 4207 857 4304 suprascriptos
880 4207 999 4280 solidos
1021 4206 1155 4278 traditos
1176 4205 1245 4278 hidi
1269 4205 1300 4303 †

367 4346 398 4444 †
423 4365 486 4438 ego
508 4339 663 4414 iohannes
685 4338 772 4410 tilius
794 4335 919 4408 domini
942 4335 1090 4422 iohannis
1112 4343 1245 4431 rogatus
1269 4359 1288 4406 a
1308 4339 1521 4432 suprascripta
1542 4351 1695 4433 personas

277 4474 349 4547 testi
373 4470 544 4565 subscripsi
567 4476 600 4574 et
623 4465 854 4560 suprascriptos
877 4463 995 4536 solidos
1017 4463 1149 4536 traditos
1171 4461 1239 4535 hidi
1262 4463 1294 4558 †

370 4599 401 4691 †
425 4622 488 4690 ego
513 4597 637 4690 sergius
660 4593 745 4664 filius
768 4591 892 4664 domiui
914 4589 1062 4662 iohannis
1083 4599 1214 4682 rogatus
1245 4592 1513 4688 asupruscriptas
1536 4594 1690 4689 personas

280 4721 353 4794 testi
377 4718 551 4812 subscripsi
574 4725 608 4790 et
629 4713 861 4810 suprascriptos
883 4709 1002 4786 solidos
1027 4712 1159 4784 traditos
1181 4711 1251 4786 bidi
1273 4712 1306 4810 †

374 4844 501 4942 †Ego
536 4849 647 4934 petrus
678 4835 815 4908 Curialis
850 4836 909 4930 qui
940 4847 1133 4908 memoratos
1163 4847 1236 4932 post
1271 4839 1539 4938 subscriptionem
1563 4847 1692 4922 testium

279 4966 446 5063 Compleri
470 4973 503 5038 et
527 4962 650 5036 absolvi
673 4983 731 5056 per
754 4967 931 5032 memorata
954 4961 1191 5059 quartadecima
1214 4965 1387 5040 indictione
1412 4966 1444 5062 †
