4900 6528
1426 978 1623 1060 ctnxmr.

672 1225 725 1274 ⁸³·
890 1231 922 1330 †
944 1235 981 1310 ln
1004 1233 1134 1310 nomine
1157 1235 1284 1310 domini
1305 1235 1359 1310 dci
1380 1237 1549 1310 minoris
1569 1233 1676 1310 nostri
1691 1233 1785 1308 ihesu
1809 1231 1931 1308 Cbristi
1951 1235 2128 1332 Imperante
2151 1239 2219 1311 do-

636 1337 740 1410 '⁹⁸⁰·-
798 1359 892 1436 mino
915 1369 1026 1434 umbo
1049 1359 1164 1432 basilio
1185 1381 1305 1454 magno
1327 1361 1526 1454 Imperatore
1532 1407 1735 1432 .........
1741 1360 1798 1432 sed
1822 1368 1855 1430 et
1876 1359 2076 1432 onustas
2099 1381 2219 1455 magno

797 1487 994 1583 Imperatore
1016 1487 1115 1558 frater
1137 1485 1207 1560 eius
1231 1505 1316 1558 auno
1338 1483 1476 1578 optimo
1499 1483 1626 1559 decimo
1634 1533 1739 1556 .....
1761 1485 1824 1558 Die
1839 1483 1992 1558 vicesima
2014 1481 2110 1557 tertia
2124 1505 2221 1558 men·

799 1612 843 1694 sis
850 1660 996 1686 .......
998 1609 1110 1684 octaba
1133 1609 1259 1706 neapoli
1268 1635 1277 1680 a
1303 1609 1437 1690 Certum
1455 1619 1503 1686 est
1517 1633 1577 1692 nos
1600 1612 1744 1707 sergium
1760 1625 1789 1684 at
1805 1611 1921 1682 bonam
1934 1610 2077 1684 humiles
2088 1610 2223 1706 presby·

800 1739 878 1812 teris
901 1736 1049 1812 custodes
1072 1743 1180 1816 autem
1203 1737 1336 1824 ccclesia
1358 1737 1518 1814 vocabulo
1540 1737 1633 1814 beato
1655 1747 1689 1813 et
1714 1737 1853 1830 gloriose
1876 1737 1929 1810 dei
1944 1737 2111 1830 genitricis
2134 1759 2222 1810 sem-

800 1885 925 1960 perque
947 1863 1083 1960 virginis
1098 1865 1219 1944 mariae
1241 1866 1372 1940 dominc
1394 1875 1503 1942 noatm
1525 1867 1585 1962 qui
1609 1865 1728 1940 matur
1750 1866 1791 1938 do
1805 1863 1938 1940 domino
1960 1863 2145 1936 reclausum
2166 1863 2225 1938 sita

802 2009 883 2063 vero
906 1987 942 2060 in
964 1987 1039 2060 vioo
1062 1987 1121 2083 qui
1144 1996 1279 2068 vocatur
1302 1989 1448 2070 danielis.
1474 2011 1641 2070 unacum
1668 1987 1846 2068 volumtate
1875 1989 2078 2088 presentibus
2100 1989 2225 2064 nomini

804 2113 948 2210 gaagni
972 2123 1005 2187 et
1027 2115 1125 2210 sergii
1148 2117 1310 2210 germanis
1333 2117 1407 2194 filiis
1429 2117 1595 2214 quondam
1623 2119 1747 2194 domini
1770 2119 1902 2200 iohanni
1926 2129 2074 2194 otmaro
2096 2115 2229 2190 bonosta

804 2243 926 2318 femina
950 2242 1015 2316 filia
1037 2245 1202 2342 quondam
1226 2243 1350 2318 domini
1372 2244 1508 2324 iohanni
1532 2249 1752 2326 maconiano
1784 2249 1826 2322 ad
1849 2273 1888 2323 aa
1911 2249 2045 2327 domino
2072 2245 2234 2320 theodone

807 2371 881 2446 viro
903 2393 965 2444 auo
979 2379 1012 2444 et
1027 2373 1129 2448 maria
1152 2371 1285 2452 honesta
1309 2373 1429 2448 femina
1452 2373 1519 2452 filia
1533 2376 1698 2472 quondam
1721 2375 1845 2452 domini
1866 2374 2001 2450 iobarmi
2022 2372 2156 2468 quintbi
2172 2372 2229 2444 vi-

807 2497 970 2570 cedomini
993 2496 1105 2572 relicta
1127 2495 1292 2593 quondam
1316 2497 1449 2572 iohanni
1481 2498 1675 2572 vicedomini
1697 2497 1761 2572 boc
1783 2509 1833 2570 eat
1855 2497 2043 2594 eudolpiaio
2072 2496 2232 2577 dominiis

807 2631 986 2694 memorato
1009 2620 1181 2696 adaias:
1201 2624 1231 2700 A
1246 2625 1388 2718 presenti
1402 2625 1455 2698 dio
1469 2623 1705 2720 promptissima
1721 2623 1897 2698 volumtate
1913 2621 2231 2702 senmoaotnusat

810 2747 1001 2823 tradidimus
1023 2745 1116 2823 vobis
1139 2749 1273 2826 domino
1295 2749 1428 2830 iohanni
1450 2749 1627 2824 tenuabili
1649 2771 1815 2844 ygumeno
1837 2747 2023 2826 monasterii
2046 2755 2230 2824 sanctorum

811 2870 911 2968 sergii
934 2879 967 2945 et
989 2869 1121 2950 baschi:
1147 2871 1206 2970 qui
1221 2895 1307 2948 nunc
1330 2883 1544 2970 congregatus
1559 2895 1594 2946 es
1608 2873 1644 2946 in
1659 2872 1855 2946 monasterio
1878 2883 2064 2950 unctorum
2085 2869 2232 2944 theodori

814 3005 847 3072 et
860 2996 1030 3072 sebastiam
1052 2997 1111 3095 qui
1134 2999 1312 3096 appellatur
1335 2999 1492 3095 casapiota
1513 2999 1613 3076 utum
1637 2997 1673 3076 iu
1696 2997 1874 3072 viridiario.
1900 2997 2001 3073 idest
2016 2995 2159 3090 integras
2180 3017 2235 3068 sex

814 3125 926 3200 onon
948 3133 1073 3202 nostras
1096 3124 1177 3202 iuris
1201 3137 1377 3206 memorato
1409 3127 1542 3206 ecclesie
1566 3149 1608 3202 ex
1631 3125 1795 3220 integrum
1827 3125 1964 3202 ftmdum
1987 3133 2020 3199 et
2043 3125 2084 3204 ds
2115 3123 2237 3216 inlesit

815 3251 955 3348 corrigia
979 3254 1030 3349 de
1043 3261 1129 3326 terra
1143 3253 1178 3326 in
1192 3275 1260 3327 uno
1283 3253 1493 3330 coniunctum
1515 3251 1574 3346 qui
1598 3251 1660 3322 init
1682 3249 1848 3345 quondam
1872 3249 2003 3322 donu‘ne
2025 3249 2148 3328 mariae
2172 3247 2237 3322 ho-

814 3355 904 3454 neste
927 3375 1046 3454 femine
1069 3377 1127 3476 qui
1150 3375 1212 3456 fnit
1237 3399 1324 3454 uxor
1355 3375 1479 3452 domini
1512 3373 1646 3454 iobanni
1673 3373 1841 3472 quondam
1869 3373 2018 3452 monachi
2046 3373 2151 3466 vestri
2172 3395 2236 3446 una

818 3526 895 3580 cum
919 3504 1088 3580 ausoribus
1111 3504 1284 3580 fructiferis
1297 3503 1351 3576 uei
1366 3503 1573 3576 infructiferis
1596 3501 1694 3574 simul
1716 3523 1792 3574 casm
1814 3499 1984 3574 introitum
2006 3523 2105 3578 ouum
2129 3500 2238 3579 omni·

818 3628 944 3726 busque
967 3627 1030 3704 sivi
1061 3627 1305 3724 pcrtinentibus.
1328 3627 1388 3728 qui
1416 3625 1568 3702 indivisas
1600 3625 1719 3700 runem
1740 3649 1817 3698 cum
1840 3627 1919 3698 abas
1946 3635 2103 3722 quattuor
2135 3623 2239 3698 uncias

820 3765 941 3830 uestras
953 3781 1052 3854 quem
1066 3765 1190 3852 emptas
1206 3753 1330 3829 habetis
1345 3779 1364 3826 a
1380 3753 1515 3850 quidem
1529 3752 1663 3830 iobanni
1677 3762 1711 3828 et
1723 3751 1879 3850 stephano
1894 3754 2055 3850 murmanis
2068 3753 2130 3832 filii
2142 3775 2240 3854 quon·

821 3885 896 3957 dam
913 3885 1036 3958 domini
1052 3882 1202 3958 stauracii
1217 3905 1277 3978 per
1293 3879 1474 3953 chartulam
1493 3881 1742 3977 comparationis
1756 3889 1789 3954 at
1808 3903 1885 3953 oum
1900 3879 1977 3955 alias
1991 3881 2071 3954 duos
2086 3881 2234 3955 moins..

830 4013 1038 4084 ...mariae
1061 4012 1195 4084 honesta
1219 4011 1340 4084 femina
1364 4007 1430 4083 filia
1452 4007 1625 4086 memorati
1648 4009 1810 4086 sonnacii.
1835 4007 2007 4082 coherente
2030 4008 2094 4080 sivi
2119 4008 2242 4088 insimul

823 4147 1040 4214 memoratum
1062 4139 1200 4210 fundum
1225 4119 1501 4212 commemorata
1524 4133 1664 4232 corrigia
1695 4133 1761 4210 bob
1783 4127 1850 4206 uno
1873 4135 1974 4206 latere
1996 4145 2087 4234 parto
2111 4144 2242 4232 septem·

823 4265 939 4338 trionis
962 4263 1100 4336 fundum
1122 4271 1268 4338 vestrum
1283 4261 1364 4334 iuris
1379 4261 1550 4336 memorati
1572 4260 1674 4334 sancti
1693 4269 1726 4336 et
1739 4260 1931 4336 venerabilia
1948 4263 2047 4348 vestri
2063 4257 2244 4338 monosterii

824 4401 858 4466 et
881 4391 934 4464 via
957 4389 1162 4464 communale
1186 4387 1327 4486 qualiter
1357 4387 1441 4466 inter
1464 4389 1528 4462 boc
1549 4397 1583 4463 et
1604 4401 1822 4464 memoratum
1846 4391 1986 4470 fundum
2008 4399 2154 4466 veebum
2176 4396 2244 4460 ter·

825 4519 928 4594 mines
952 4518 1116 4600 finiuntm.
1141 4527 1174 4592 et
1196 4541 1240 4591 ex
1264 4517 1329 4590 alio
1352 4515 1451 4591 latero
1474 4523 1565 4612 porto
1587 4517 1766 4592 meridiana
1788 4519 1927 4595 fundum
1950 4528 1984 4592 et
2009 4527 2095 4594 tora
2116 4513 2245 4612 quidem

826 4648 894 4718 ursi
917 4647 1011 4742 pilari
1035 4659 1069 4719 et
1084 4647 1222 4722 fundum
1237 4647 1278 4720 sle
1293 4645 1341 4718 illi
1357 4643 1525 4724 saviniani.
1551 4645 1591 4718 de
1605 4667 1673 4718 uno
1689 4645 1793 4742 capite
1808 4657 1899 4742 parte
1915 4644 2072 4718 horientis
2087 4651 2172 4717 terra
2186 4663 2245 4712 ve-

829 4781 895 4844 stra
919 4783 952 4844 ct
975 4773 1160 4844 monasterii
1185 4780 1370 4859 mortorum
1394 4769 1533 4844 aeberini
1555 4777 1589 4842 et
1613 4771 1694 4844 sossi
1716 4771 1774 4845 ubi
1797 4795 1912 4850 eorum
1935 4769 2133 4846 venerabilia
2153 4767 2245 4864 quie-

829 4900 923 4964 scunt
947 4913 1084 4986 corpora
1106 4891 1203 4967 sicuti
1226 4891 1311 4962 inter
1334 4912 1369 4962 se
1392 4890 1461 4984 sepi
1485 4890 1616 4964 extinat.
1643 4889 1684 4964 do
1708 4891 1773 4964 alio
1806 4892 1910 4986 capite
1943 4901 2034 4987 parte
2057 4883 2246 4961 hoccidentis

830 5023 1006 5093 memorata
1033 5015 1085 5088 via
1109 5011 1355 5085 communalem.
1379 5013 1428 5082 De
1453 5035 1520 5113 qua
1544 5013 1626 5092 nibil
1649 5013 1742 5090 nobis
1765 5039 1807 5088 ex
1831 5015 1915 5118 ipsas
1938 5013 2108 5094 senencias
2130 5019 2245 5086 nostras
