4854 6528
1389 677 1535 776 (ets)

731 862 806 932 liter
830 855 961 930 definiri
985 859 1023 924 ut
1044 871 1141 945 super
1163 845 1284 941 legitur
1306 841 1395 940 quoti
1419 839 1501 912 chsit
1522 837 1667 912 habeatis
1694 857 1752 909 ros
1775 843 1974 908 memoratus
2004 838 2155 916 dominus

741 987 896 1058 iohannes
920 975 1111 1054 venerabilis
1134 953 1306 1070 igumenus
1330 979 1386 1042 out
1407 967 1542 1065 posteris
1565 965 1680 1039 vestris
1713 985 1772 1036 nec
1803 971 2001 1034 memoretur
2033 977 2160 1040 sanctus

737 1126 770 1189 et
793 1110 985 1188 venerabilis
1017 1105 1123 1177 hester
1149 1098 1364 1172 monasterius
1387 1115 1594 1190 quecumque
1622 1087 1831 1187 requisitione
1855 1093 1912 1159 unt
1935 1087 2083 1164 molestia
2106 1115 2165 1188 per

738 1243 869 1317 nulium
893 1238 1029 1311 modum
1051 1253 1111 1304 nec
1133 1251 1192 1324 per
1214 1221 1393 1299 summissis
1423 1219 1569 1313 personis
1601 1217 1645 1288 ha
1671 1240 1758 1290 nunc
1787 1225 1820 1288 et
1843 1212 2052 1310 imperpetuis
2077 1227 2168 1318 ιω.

739 1372 886 1471 poribus.
913 1367 1047 1458 insuper
1071 1355 1162 1430 omni
1186 1362 1330 1446 tempore·
1355 1369 1419 1440 ego
1442 1354 1475 1416 et
1497 1344 1632 1416 heredes
1657 1341 1740 1414 meis
1763 1349 1886 1415 ceteros
1913 1352 2046 1415 cunctos
2067 1345 2168 1418 here-

742 1504 799 1578 des
822 1489 992 1570 memorati
1015 1479 1155 1581 genitori
1177 1477 1244 1548 mei
1268 1473 1361 1548 robis
1384 1471 1595 1568 posterisque.
1620 1469 1735 1542 vostris
1758 1469 1877 1543 exinde
1901 1471 2038 1567 desuper
2057 1472 2169 1548 tollere

744 1627 918 1702 mamus
940 1615 1074 1706 absque.
1099 1604 1190 1676 omni
1213 1611 1321 1676 vestre
1344 1597 1536 1674 dumuietcte
1559 1597 1649 1671 nulia
1672 1596 1766 1672 robis
1789 1595 1951 1670 mittentes
1974 1597 2168 1672 hocccmio-

745 1773 830 1828 ηοω
854 1741 939 1830 Quia
961 1738 1007 1808 ita
1029 1735 1114 1808 inter
1136 1729 1231 1804 nobis
1253 1727 1432 1804 iudicatum
1464 1735 1535 1802 cst:
1570 1725 1605 1798 Si
1629 1735 1738 1798 cutem
1766 1745 1829 1821 ego
1853 1733 1909 1796 cut
1931 1723 2067 1799 heredes
2089 1727 2169 1799 meis

746 1873 864 1976 quovis
887 1879 1033 1964 tompore
1055 1876 1168 1936 contra
1201 1860 1284 1932 hanc
1316 1856 1498 1930 chartulam
1529 1851 1709 1927 securitatis
1738 1863 1776 1926 ut
1798 1852 2035 1950 supertegitur
2058 1855 2168 1928 venire

747 1993 1015 2100 presumserimus
1038 1997 1072 2062 et
1094 1985 1228 2060 minime
1252 1981 1526 2082 stimplererimus
1558 1977 1620 2052 hec
1647 1977 1756 2051 omnia
1786 1989 2021 2054 memorasset
2044 1979 2080 2052 in
2103 1981 2169 2053 cii-

747 2130 828 2230 quid
850 2125 963 2201 offensi
985 2117 1142 2192 insumus
1165 2135 1222 2209 per
1246 2111 1363 2209 quovis
1379 2111 1514 2183 modum
1534 2120 1591 2182 sut
1613 2107 1789 2183 summissis
1803 2109 1960 2205 personis.
1986 2119 2064 2184 tune
2080 2133 2171 2182 mm.

748 2260 901 2357 ponimus
924 2250 1018 2326 robis
1040 2243 1254 2343 posterisque.
1278 2239 1395 2312 vestr-is
1412 2237 1486 2311 curi
1509 2235 1629 2310 solidos
1653 2237 1784 2334 triginta
1806 2259 1864 2311 sex
1886 2235 2112 2335 bythisnteos:
2140 2247 2173 2310 et

750 2385 813 2459 hec
842 2377 987 2454 chutun
1010 2369 1149 2470 qualiter
1171 2363 1316 2438 continet
1347 2363 1390 2436 sit
1417 2363 1513 2436 tirma
1538 2357 1787 2456 imperpetuum.
1819 2362 1936 2457 scripte
1967 2384 2027 2456 per
2059 2383 2175 2436 mcum

753 2509 888 2585 iohanni
912 2501 1042 2575 curidis
1065 2521 1124 2593 per
1146 2491 1321 2568 indictione
1344 2499 1523 2564 memorata
1546 2487 1783 2582 quintadecima
1807 2488 1838 2585 †
1947 2561 1950 2564 ,

848 2633 920 2704 Hoc
943 2627 1073 2722 signum
1095 2622 1127 2720 †
1150 2639 1263 2694 munus
1286 2612 1456 2688 memorati
1478 2609 1624 2706 stephsni
1646 2612 1737 2706 quod
1752 2633 1814 2706 ego
1830 2614 1888 2708 qni
1903 2620 2101 2684 memoratos
2118 2631 2179 2706 pro

756 2787 833 2840 cum
855 2749 1078 2850 subscripsi†

851 2887 882 2984 †
905 2907 968 2978 ego
992 2889 1102 2976 petrus
1124 2871 1254 2946 curialis
1277 2882 1410 2965 rogetus
1433 2892 1453 2939 c
1476 2871 1657 2940 memorato
1678 2861 1834 2957 stephano
1849 2863 1937 2935 testis
1960 2861 2177 2959 subscripsi†

855 3011 887 3106 †
910 3030 973 3102 ego
996 3002 1168 3098 sepimus
1189 2998 1275 3071 filim
1299 2993 1422 3072 domini
1444 2990 1593 3066 ionum
1615 2997 1747 3084 rogatus
1779 3013 1799 3058 a
1821 2997 2000 3060 memorato
2024 2989 2178 3084 stephano

759 3137 848 3212 testis
863 3128 1082 3225 subscripsi†

857 3259 975 3356 †ego
1001 3255 1156 3328 iohannes
1184 3251 1269 3326 tilius
1304 3251 1390 3324 idem
1423 3197 1546 3324 domini
1578 3245 1712 3318 iohanni
1743 3251 1875 3340 rogetus
1910 3271 1928 3314 a
1962 3243 2175 3338 suprascripto

762 3393 885 3466 steiano
908 3387 981 3458 testi
1002 3379 1175 3476 subscripsi
1194 3379 1226 3477 †

860 3515 890 3612 †
912 3517 985 3608 ligo
1007 3511 1162 3586 iohanne
1185 3505 1321 3582 sunnis
1339 3503 1505 3597 Compleri
1528 3511 1562 3576 et
1584 3500 1707 3574 absolvi
1730 3523 1788 3596 per
1810 3499 1984 3574 indictione
2002 3505 2181 3572 memorate

767 3643 1003 3744 quintadecima
1027 3639 1058 3736 †
