4876 6532
885 651 902 747 (
927 659 969 724 ⁸⁹
996 652 1009 749 i

241 811 370 908 tuisque
392 803 566 885 hmedibus
589 806 631 881 sit
653 803 807 908 potestate
831 829 961 904 queque
985 803 1101 880 exinde
1125 805 1229 880 facere
1253 805 1430 880 volueritis.
1454 814 1487 881 et
1510 829 1615 908 neque
1640 838 1660 884 a

243 965 298 1015 me
320 939 538 1034 suprascripta
563 958 646 1006 anna
668 933 817 1027 religiosa
841 933 960 1022 femina
983 955 1091 1026 neque
1114 955 1134 1000 a
1157 932 1238 1002 meis
1261 931 1435 1004 heredibus
1457 936 1547 1006 nullo
1571 946 1660 1008 tem-

244 1095 325 1168 pore
349 1091 517 1164 nunquam
540 1073 578 1136 tu
600 1065 816 1159 suprascripta
839 1063 938 1133 drosu
962 1061 1021 1154 qni
1044 1083 1141 1154 snpra
1164 1084 1283 1131 nomen
1303 1059 1405 1131 maria
1421 1063 1535 1134 dilecte
1552 1067 1664 1160 nepoti

242 1220 316 1269 mee
341 1203 398 1268 ant
415 1193 555 1265 heredes
579 1191 653 1260 tuis
667 1191 758 1286 quod
781 1188 864 1258 absit
886 1185 1030 1256 babeatis
1054 1185 1171 1260 exinde
1195 1184 1370 1278 aliquando
1394 1207 1588 1282 quacunque
1604 1214 1663 1291 ¹⁰ss

248 1320 463 1420 quesitinnem
487 1325 543 1389 ant
565 1315 713 1387 molestia
736 1337 794 1410 per
818 1312 945 1409 nulium
978 1313 1114 1384 modum
1146 1335 1206 1381 uec
1235 1334 1293 1403 per
1316 1311 1494 1382 summissis
1518 1315 1664 1405 personis

245 1470 374 1520 cnunc
398 1454 432 1518 et
454 1447 668 1540 imperpetnis
691 1445 899 1540 temporibus.
925 1447 1060 1536 Insuper
1092 1433 1182 1510 omni
1214 1450 1361 1534 tempore
1386 1462 1447 1533 ego
1472 1449 1505 1511 et
1527 1439 1663 1544 heredes

247 1571 328 1642 meis
352 1571 412 1642 tihi
435 1574 565 1668 tuisque
588 1572 762 1644 heredibus
785 1569 1001 1665 suprascripta
1014 1559 1194 1638 ¹medietate
1211 1587 1282 1634 mea
1298 1563 1357 1658 qui
1372 1565 1434 1634 suit
1452 1565 1664 1659 suprascripti

248 1697 312 1768 viri
337 1699 403 1772 mei
427 1724 469 1771 ex
492 1700 562 1794 ipsa
586 1709 673 1770 terra
696 1719 735 1770 ut
757 1723 853 1795 super
876 1697 995 1790 legitur
1019 1695 1059 1764 ab
1083 1695 1189 1767 omnis
1202 1677 1321 1802 ‘nmine
1345 1691 1503 1784 omnique
1523 1714 1662 1783 persona

246 1821 284 1892 in
307 1823 458 1896 omnibus
482 1833 639 1896 antestare
663 1833 696 1894 et
719 1826 884 1896 defensare
907 1822 1125 1918 promittimus
1147 1821 1385 1911 imperpetuum
1409 1839 1449 1887 eo
1472 1819 1561 1910 quod
1576 1814 1659 1888 mibi

244 1943 393 2042 meisque
415 1945 590 2020 heredibus
619 1947 785 2018 dimisistis
816 1946 1050 2040 suprascriptos
1079 1942 1196 2038 viginti
1224 1965 1327 2016 unum
1358 1942 1430 2014 nuri
1453 1941 1572 2012 solidos
1596 1941 1669 2036 hy·

212 2137 215 2144 ,
246 2068 411 2162 thianteos
434 2070 469 2138 in
493 2093 623 2144 emnem
648 2071 843 2146 decisionem
865 2091 923 2142 seu
947 2068 1174 2147 deliberatione
1198 2067 1276 2160 quia
1298 2067 1344 2138 ita
1367 2069 1452 2138 inter
1468 2068 1560 2140 nobis
1576 2091 1671 2142 com·

245 2193 356 2265 benit:
392 2193 427 2266 si
452 2203 560 2268 autem
584 2219 647 2288 ego
672 2206 729 2268 ant
751 2197 886 2270 heredes
909 2197 990 2268 meis
1013 2197 1132 2292 quovis
1154 2203 1300 2288 tempore
1323 2203 1434 2266 contra
1457 2195 1540 2276 hane
1564 2196 1665 2268 shar-
1769 2241 1774 2255 κ

247 2319 350 2389 talam
375 2325 413 2388 ut
435 2339 532 2412 super
556 2319 675 2413 legitur
706 2321 817 2398 venire
840 2320 1130 2414 presumpserimus
1162 2327 1195 2389 et
1225 2319 1359 2390 minime
1386 2318 1668 2414 adimpleberimus

247 2443 307 2515 hee
330 2443 440 2515 omnia
464 2447 681 2544 suprascripta
704 2469 764 2538 per
790 2445 938 2540 quolibet
961 2446 1096 2516 modum
1128 2453 1184 2516 aut
1216 2445 1393 2516 summissis
1417 2446 1562 2538 personis
1586 2453 1666 2519 tunc

249 2573 473 2666 componimus
495 2571 555 2644 tibi
577 2572 706 2667 tuisque
730 2570 902 2644 heredibus
935 2569 1006 2642 auri
1036 2569 1156 2641 solidos
1181 2571 1414 2666 quinquaginta
1436 2571 1665 2666 bythiantees:

248 2707 280 2767 et
302 2696 363 2768 hec
386 2697 531 2770 chartula
554 2707 592 2769 ut
615 2719 710 2790 super
733 2694 852 2788 iegitur
875 2693 917 2764 sit
940 2694 1044 2764 firma.
1071 2693 1186 2787 scripta
1203 2719 1261 2788 per
1276 2719 1407 2766 manum
1431 2696 1563 2770 iohanni
1578 2698 1666 2769 seri-

247 2825 350 2916 ptoris
372 2825 530 2920 discipulo
554 2825 676 2896 domini
707 2823 849 2920 gregorii
877 2821 1025 2922 primarii
1052 2822 1191 2922 scribere
1223 2823 1339 2920 rogari
1361 2823 1413 2896 die
1437 2833 1469 2895 et
1493 2824 1668 2900 indictione

247 2946 463 3043 suprascripte
487 2957 601 3042 quarta
626 2947 656 3044 †
960 2915 971 2938 ·

344 3072 407 3145 hoe
431 3075 559 3170 signum
583 3073 771 3170 †‚manum
794 3075 1009 3178 suprascripte
1032 3097 1114 3148 aune
1128 3074 1279 3172 religiosa
1293 3075 1412 3152 femina
1428 3077 1517 3174 quod
1533 3101 1594 3172 ego
1610 3077 1669 3173 qui

250 3199 481 3296 suprascriptos
503 3203 545 3276 ab
570 3226 623 3276 ens
647 3203 772 3298 rogitus
791 3228 853 3298 pro
877 3227 930 3276 aas
953 3205 1126 3298 subscripsi
1149 3203 1180 3297 †

344 3326 461 3423 †ego
485 3330 639 3404 iohannes
662 3331 747 3406 filius
782 3332 907 3409 domini
939 3331 1025 3404 leoni
1058 3339 1189 3424 rogatus
1212 3355 1230 3400 a
1254 3305 1472 3426 suprascripte
1491 3355 1573 3404 anun
1596 3333 1671 3404 testi

252 3451 422 3548 subscripsi
445 3453 477 3549 †

344 3551 462 3680 †ego
485 3584 610 3678 sergius
633 3583 717 3656 tilius
741 3585 863 3657 domini
889 3585 955 3656 ursi
981 3592 1112 3679 rogatus
1128 3607 1146 3654 a
1163 3582 1376 3676 suprascripta
1399 3605 1483 3654 anna
1497 3583 1570 3654 testi
1585 3585 1670 3660 snb-

253 3707 418 3807 sconr
1364 3793 1367 3796 ,

346 3833 379 3932 †
401 3859 465 3932 ego
487 3834 643 3908 iohannes
665 3836 809 3908 mediam
835 3845 968 3930 rogatus
984 3861 1002 3906 a
1017 3837 1233 3930 suprascripta
1258 3859 1339 3910 anna
1363 3836 1436 3908 testi
1452 3837 1622 3932 subscripsi
1641 3840 1672 3933 †

345 3955 463 4054 †ego
487 3959 659 4056 gregorius
680 3959 853 4054 primarius
876 3958 974 4033 buius
997 3959 1134 4030 civitatis
1156 3959 1299 4053 neapolis
1317 3971 1390 4053 post
1403 3961 1672 4055 subscriptionem
1721 4037 1726 4042 ,

254 4083 382 4156 testium
407 4093 441 4156 et
463 4084 671 4178 suprascripti
696 4083 844 4156 iohannis
868 4084 1031 4178 scriptoris
1054 4085 1201 4178 discipuli
1225 4085 1289 4156 mei
1305 4107 1438 4160 manum
1453 4111 1523 4160 mea
1539 4081 1670 4184 propriu
1754 4120 1757 4124 ·

255 4211 420 4310 Complevi
443 4219 476 4284 et
499 4211 623 4287 absolvi
648 4211 700 4286 die
727 4221 760 4284 et
781 4213 957 4288 indictione
981 4213 1196 4309 suprascripta
1219 4225 1335 4308 quarta
1358 4211 1389 4307 †

827 4557 1071 4596 mmmmm-
