4854 6528
1396 686 1543 784 (154)

745 858 968 955 bpthianteos:
995 865 1028 926 et
1050 851 1111 922 bec
1134 849 1280 922 chartule
1304 851 1445 948 qualiter
1467 849 1609 923 continet
1623 849 1665 921 sit
1680 851 1773 922 firma
1796 849 2036 946 imperpetuum
2051 854 2169 950 scripte

746 1011 805 1082 per
827 1007 942 1059 munus
965 981 1108 1078 gregorii
1131 979 1268 1052 Curialis
1291 981 1431 1052 scribere
1445 978 1560 1072 rogavi
1576 1003 1634 1074 per
1649 979 1822 1053 indictione
1838 993 2017 1052 memorata
2039 983 2171 1079 nons†

842 1113 916 1181 Hoc
938 1109 1067 1202 signum
1081 1103 1113 1200 †
1128 1127 1243 1176 manus
1258 1105 1429 1176 memorati
1446 1105 1530 1197 petri
1555 1105 1645 1200 quod
1659 1125 1721 1198 ego
1735 1104 1794 1199 qui
1808 1113 2005 1177 memoratos
2021 1129 2082 1202 pro
2097 1133 2173 1180 eum

750 1236 924 1331 subscripsi
947 1245 980 1307 et
1003 1233 1174 1306 memorati
1197 1232 1259 1304 tari
1283 1237 1445 1306 confessus
1470 1229 1697 1327 percepisse†

847 1363 1197 1458 †E1¹010sNNEc
1220 1367 1398 1430 onuorc
1427 1333 1489 1430 ΚΝ
1512 1363 1717 1430 rnnronn
1740 1363 1977 1430 norsnocc
2008 1363 2037 1428 s
2069 1335 2176 1430 ’nno

752 1501 903 1566 nunno
926 1495 1051 1560 nncnn
1072 1461 1187 1554 'cois'
1207 1489 1268 1552 so
1285 1457 1383 1554 ceni
1406 1493 1507 1556 nuru
1530 1462 1656 1556 rro‘i'n
1677 1491 1956 1557 nnonnrnccn
1980 1482 2010 1577 †

849 1616 881 1712 †
904 1636 966 1708 ego
989 1607 1160 1706 gregorius
1190 1608 1277 1680 tilius
1299 1611 1422 1684 donnini
1445 1611 1595 1686 iohannis
1626 1621 1759 1707 rogatus
1789 1637 1809 1682 n
1831 1613 2048 1710 suprascripto
2078 1625 2172 1710 petro

755 1747 828 1824 testi
850 1736 1025 1832 subscripsi
1048 1743 1082 1807 et
1104 1734 1314 1832 suprascripti
1337 1737 1400 1809 teri
1424 1739 1589 1812 confessus
1613 1737 1794 1834 percepisse
1816 1735 1848 1830 †

847 1881 879 1963 †
902 1887 965 1961 ego
1000 1865 1141 1936 stefanus
1164 1863 1250 1936 fitius
1273 1865 1397 1936 domini
1421 1867 1570 1940 iohannis
1592 1866 1744 1940 monochi
1768 1875 1899 1960 rogetus
1917 1891 1936 1936 s
1956 1866 2177 1964 suprascripto

759 2005 851 2094 petro
874 1997 948 2070 testi
971 1993 1144 2089 subscripsi
1167 2001 1201 2064 et
1223 1995 1432 2088 suprascripti
1455 1996 1519 2065 tori
1542 1997 1706 2067 confessus
1728 1995 1908 2090 percepisse
1931 1993 1963 2092 †

853 2119 886 2218 †
909 2123 981 2216 Ego
1005 2120 1180 2217 gregorius
1203 2119 1342 2192 Coriolis
1365 2121 1424 2214 qni
1449 2130 1645 2194 memoratos
1666 2131 1739 2217 post
1753 2122 2024 2218 subscriptionem
2050 2123 2180 2196 testium

759 2249 928 2346 Complesi
951 2259 984 2323 et
1008 2247 1131 2322 nsolvi
1152 2271 1211 2342 per
1234 2248 1411 2322 indictione
1434 2261 1611 2324 memorate
1634 2275 1720 2326 nono
1743 2249 1775 2346 †
