4854 6528
889 944 1024 1018 ΟΜ
1092 977 1102 986 .

339 1205 371 1302 †
393 1207 431 1280 ln
452 1204 584 1280 nomine
606 1201 733 1280 domiui
754 1202 808 1276 dei
830 1199 998 1276 sdvetorie
1021 1197 1125 1272 nostri
1140 1197 1235 1274 lbesu
1258 1195 1380 1272 Christi
1401 1199 1581 1294 lmperente
1604 1207 1670 1279 de-
1741 1229 1795 1278 en.

248 1337 338 1412 mino
358 1341 471 1406 nostro
492 1328 607 1404 besilio
629 1347 750 1421 magno
772 1328 970 1421 hperetere
993 1347 1078 1396 enno
1102 1324 1304 1400 duodecimo.
1332 1327 1389 1399 sed
1413 1333 1445 1397 et
1469 1327 1670 1400 oonstentino
1717 1341 1804 1403 972.

246 1483 366 1556 magno
388 1460 585 1554 Imperatore
606 1454 705 1528 freter
728 1453 799 1528 eius
821 1474 907 1526 enno
929 1473 1029 1524 nono.
1061 1448 1123 1524 Die
1146 1451 1259 1524 oetebe
1279 1454 1400 1526 mensis
1424 1455 1553 1548 augusti
1576 1453 1670 1528 indi-

247 1589 355 1662 ctione
376 1583 614 1686 quintadecima
636 1581 785 1680 neepoli:
810 1582 916 1655 Horte
938 1587 987 1652 est
1009 1581 1118 1676 itaque
1141 1579 1277 1654 intendo
1299 1582 1384 1656 iuter
1406 1603 1460 1654 me
1477 1585 1669 1680 stephanum

247 1714 354 1790 lilium
377 1712 542 1811 quondam
563 1709 642 1784 boni
665 1707 725 1807 qui
746 1729 845 1804 supra
867 1727 988 1780 nomen
1020 1714 1101 1778 teste
1123 1705 1254 1802 lepore:
1290 1715 1323 1779 et
1351 1728 1409 1780 ros
1431 1707 1582 1781 videlieet
1605 1711 1671 1784 do-

246 1840 338 1914 miuo
361 1837 494 1912 iobenni
516 1834 692 1912 venerabili
715 1835 872 1932 menn
893 1829 1080 1906 monosterii
1103 1839 1288 1903 sanctorum
1310 1831 1408 1926 sergii
1431 1843 1464 1908 et
1486 1831 1596 1907 bnsolri
1613 1839 1671 1932 qui

245 1992 334 2046 nuno
357 1977 572 2065 conmegetns
594 1988 629 2040 es
651 1966 687 2041 in
707 1963 902 2042 monasterio
926 1971 1110 2038 sanctorum
1132 1961 1281 2036 theodori
1297 1969 1330 2036 et
1345 1961 1513 2036 selestiani
1528 1967 1588 2062 qui
1604 1991 1670 2061 ep-

245 2095 385 2193 pellatur
408 2095 566 2193 eesepiote
588 2094 687 2170 situm
709 2093 745 2168 in
768 2090 936 2166 viridario.
970 2093 1020 2164 De
1051 2088 1220 2186 questione
1249 2111 1349 2184 quem
1381 2100 1460 2186 eput
1482 2114 1541 2165 ros
1564 2095 1670 2167 leoere

246 2221 338 2296 viem
361 2243 448 2295 sum.
471 2229 604 2317 propter
627 2221 721 2294 terris
744 2219 838 2294 cultis
870 2225 904 2292 et
934 2215 1064 2291 incultis
1095 2237 1153 2290 seu
1184 2214 1310 2288 olibetis
1337 2224 1371 2290 et
1393 2217 1512 2290 montis
1536 2218 1668 2293 mumul

244 2348 358 2442 positis
380 2349 416 2422 in
439 2348 512 2419 loeo
535 2347 594 2442 qui
617 2355 753 2418 romeu
775 2345 931 2418 nounerie
953 2343 1118 2417 territerio
1141 2343 1325 2439 plegieuset
1351 2347 1400 2419 De
1423 2369 1489 2444 qun
1503 2367 1563 2418 ros
1579 2369 1669 2443 que-

246 2471 311 2544 sivi
335 2469 474 2545 dioendo
496 2492 570 2566 pers
592 2491 665 2542 mee
688 2468 767 2565 quie
789 2467 871 2543 intre
887 2467 939 2540 bis
953 2468 1103 2544 omnibus
1118 2469 1304 2545 memoretis
1325 2470 1408 2546 mibi
1431 2471 1570 2567 pertinet
1584 2497 1667 2568 per-

244 2598 369 2672 tionem
390 2595 510 2670 bebere
532 2604 566 2669 et
588 2595 671 2668 inire
694 2593 940 2692 quedregiutem
964 2615 1064 2666 annos
1086 2604 1283 2670 memoretur
1296 2599 1423 2694 genitor
1437 2621 1530 2672 meus
1546 2599 1668 2674 ibidem

244 2725 352 2800 tenuit
375 2733 409 2798 et
430 2725 608 2800 dominavit
631 2723 729 2796 etium
751 2745 812 2797 ros
835 2721 951 2796 exinde
973 2721 1097 2795 bebetis
1120 2723 1264 2798 oburtule
1287 2727 1498 2802 eommunelis
1520 2751 1613 2804 mese
1636 2737 1671 2800 et

126 2913 128 2920 ,
244 2859 353 2924 vestre
376 2849 435 2946 qui
458 2851 589 2923 fuerunt
612 2849 653 2922 de
675 2847 861 2946 perentibus
883 2847 974 2922 meis.
996 2867 1070 2942 pers
1092 2855 1200 2922 eutem
1223 2859 1328 2924 vestre
1344 2851 1503 2924 eseerebo
1525 2863 1564 2926 ut
1586 2853 1670 2926 intre

245 2973 400 3048 omnibus
422 2974 608 3048 memoretis
631 2997 694 3069 ego
717 2983 774 3048 ent
796 2983 993 3047 memoretur
1023 2972 1152 3069 genitor
1178 2996 1270 3048 meus
1302 2975 1436 3048 minime
1458 2977 1671 3049 tenuissemus

244 3115 279 3179 et
304 3105 558 3180 dominessemus
589 3107 673 3179 inire
704 3107 949 3202 quedreglntem
983 3129 1083 3182 euuos
1108 3115 1141 3180 et
1172 3107 1316 3182 obertule
1344 3110 1557 3184 eommunnlis
1579 3133 1671 3186 mese

244 3243 279 3307 et
303 3241 409 3306 vestre
432 3233 550 3308 exinde
581 3255 647 3306 non
678 3232 867 3308 bebnissetis
898 3256 958 3306 neo
989 3233 1099 3307 ebetis.
1131 3237 1169 3306 ln
1195 3236 1259 3308 boo
1282 3236 1460 3310 iudicatum
1482 3247 1530 3310 est
1552 3239 1670 3312 exinde

244 3363 333 3434 inter
356 3360 449 3434 nobis
471 3369 509 3432 ut
531 3361 559 3433 si
581 3359 703 3434 valeret
724 3383 799 3457 pers
822 3383 894 3434 mee
928 3358 1020 3432 vobis
1052 3358 1290 3433 hostensionem
1317 3363 1422 3435 fecere
1444 3363 1584 3457 qualiter
1606 3387 1670 3458 ego

247 3494 308 3556 eut
330 3493 527 3558 memoretur
550 3484 678 3579 genitor
700 3505 793 3558 meus
825 3481 945 3555 ibidem
967 3482 1129 3556 tenuimus
1158 3490 1191 3556 et
1213 3484 1451 3558 dominerimus
1474 3484 1557 3556 inire
1581 3510 1672 3582 que-

244 3613 430 3709 drugintum
453 3635 553 3686 ennos
576 3613 627 3686 ius
650 3612 757 3686 iurare
781 3636 844 3708 ego
866 3611 960 3686 robis
983 3612 1099 3686 exinde
1122 3609 1298 3706 cumipse
1320 3611 1455 3685 testibus
1477 3634 1536 3686 ros
1562 3625 1671 3688 eutem

242 3741 411 3836 poneretis
434 3739 516 3812 mihi
540 3741 657 3814 exinde
680 3739 849 3812 eeeun'tete
871 3741 923 3814 sin
940 3751 1048 3814 numm
1063 3764 1200 3836 persone
1219 3743 1259 3814 de
1276 3744 1356 3816 duos
1372 3767 1523 3818 moneooe
1547 3755 1672 3818 vestros

242 3863 332 3936 mihi
355 3863 490 3957 prebere
513 3873 748 3936 recrementum
780 3863 904 3936 dicente
936 3865 1019 3938 mihi
1051 3875 1089 3938 ut
1121 3867 1203 3940 inira
1228 3869 1378 3941 omnibus
1401 3870 1587 3942 memoretis
1608 3895 1672 3965 ego

244 4001 307 4064 eut
329 4000 526 4064 memoretur
557 3989 684 4084 genitor
715 4011 807 4062 meus
838 3989 973 4064 minime
1005 3993 1215 4069 tenuissemus
1243 4007 1276 4068 et
1309 3998 1560 4069 nominassemus
1587 3998 1670 4070 inire

246 4118 499 4214 qrredregintem
522 4139 624 4189 annos
647 4125 679 4188 et
702 4117 847 4190 obertule
878 4119 1097 4192 communales
1111 4101 1220 4194 'mene
1252 4132 1286 4194 et
1314 4125 1353 4196 de
1383 4123 1569 4216 perentibus
1592 4124 1673 4197 meis

245 4245 368 4318 exinde
391 4267 458 4316 uon
480 4243 647 4318 habuistis.
674 4266 735 4316 nee
758 4242 858 4316 ubetis
882 4265 945 4338 ego
971 4253 1079 4318 eutem
1102 4268 1222 4340 ponere
1250 4246 1345 4320 robis
1368 4247 1486 4322 exinde
1509 4250 1671 4322 securite-

245 4373 331 4440 ter'n.
366 4377 399 4440 et
421 4369 499 4465 quie
521 4389 587 4442 non
610 4366 697 4440 helui
729 4391 803 4462 pers
831 4393 903 4440 meu
931 4370 1025 4442 vobis
1048 4372 1128 4446 illud
1153 4373 1257 4444 taliter
1284 4373 1485 4445 hostendere.
1521 4378 1673 4470 lDeoquo
1806 4375 1811 4387 ’

246 4497 286 4566 in
310 4495 451 4589 presenti
474 4495 583 4589 recepi
606 4493 646 4564 eb
669 4494 757 4586 ipsos
781 4496 864 4564 duos
887 4497 1063 4568 monachos
1094 4507 1219 4567 vestrm
1246 4508 1461 4570 memoratum
1484 4521 1672 4572 sacremen-

243 4633 323 4696 tum
346 4632 379 4692 et
401 4623 535 4696 delinivi
566 4619 683 4692 exinde
715 4622 884 4694 nobiseum
916 4623 952 4693 in
983 4623 1145 4692 omnibus.
1182 4635 1215 4694 et
1242 4646 1348 4718 neque
1373 4651 1392 4695 e
1416 4649 1469 4698 me
1493 4641 1673 4700 memorato

246 4747 409 4843 stepbeno
433 4769 539 4843 neque
563 4771 582 4816 e
606 4747 687 4818 meis
709 4746 884 4820 heredibus
915 4747 1005 4818 nullo
1038 4757 1183 4842 tempore
1214 4771 1276 4844 pro
1303 4750 1381 4844 ipsis
1410 4753 1504 4824 torris
1526 4753 1620 4826 eultis
1643 4767 1675 4830 et

246 4899 320 4948 non
344 4873 439 4948 cultis
461 4897 519 4948 seu
542 4873 668 4948 olibetis
692 4885 725 4949 et
748 4877 867 4948 montis
899 4875 1030 4948 insimul
1062 4877 1175 4972 positis
1200 4880 1234 4950 in
1262 4881 1418 4951 nonnerie
1442 4883 1670 4978 omnibusque.

249 5009 303 5079 eis
325 5001 558 5099 pertinentibus
580 5027 640 5078 neo
662 5027 725 5101 pro
747 5004 816 5102 ipse
840 5005 985 5079 ebertule
1010 5005 1096 5078 unde
1119 5029 1205 5078 nune
1236 5007 1401 5082 vobiscum
1420 5011 1674 5114 sacramentori-
