4954 6532
928 599 1056 689 (2¹)

963 885 1030 957 Lx.

367 1148 399 1242 †
422 1151 460 1218 Iu
484 1145 617 1216 nomine
641 1143 766 1216 domini
789 1141 842 1216 dei
866 1141 1034 1215 salvatoris
1057 1139 1160 1212 nostri
1182 1139 1278 1213 lhasu
1302 1141 1421 1216 Christi
1444 1144 1625 1238 Imperante
1640 1150 1697 1221 do·
1770 1179 1824 1230 an.

273 1281 362 1352 mino
384 1285 496 1347 nostro
519 1271 729 1344 Constantino
753 1291 873 1363 magno
897 1267 1092 1362 imperatore
1116 1290 1201 1340 anno
1215 1269 1465 1362 quadragesimo
1480 1281 1621 1366 quarto:
1640 1278 1695 1348 sed
1747 1298 1835 1358 951.

274 1419 306 1479 et
328 1427 465 1477 romano
488 1423 607 1495 magno
630 1400 827 1492 Imperatore
850 1397 920 1468 eius
943 1395 1011 1468 filio
1034 1420 1119 1470 auno
1142 1373 1278 1492 septimo
1300 1398 1353 1470 dic
1376 1397 1470 1470 tertia
1493 1401 1611 1472 mensis
1634 1425 1695 1472 no-

255 1535 406 1609 ·bembrii
430 1532 603 1606 indictione
626 1529 751 1603 decima
774 1525 902 1622 neapoli
926 1527 1060 1598 Certum
1087 1539 1135 1598 est
1158 1550 1217 1598 nos
1245 1525 1401 1599 iohannes
1433 1528 1557 1600 domini
1591 1534 1695 1625 gratie

272 1661 383 1734 consul
406 1672 439 1734 et
463 1661 530 1732 dur
551 1657 619 1729 lilio
642 1654 775 1750 quidem
791 1651 983 1728 venerabilis
1000 1651 1124 1725 domini
1143 1653 1261 1724 marini
1278 1655 1354 1727 duci
1370 1677 1433 1725 una
1447 1677 1523 1726 eum
1538 1679 1695 1732 consensu

268 1798 302 1862 et
323 1787 489 1859 voluntate
511 1791 692 1876 presentem
715 1780 868 1852 theodore
892 1779 1032 1874 gloriose
1056 1779 1181 1852 ducisse
1212 1779 1343 1874 coniugi
1373 1807 1486 1854 meae:
1513 1809 1532 1852 a
1555 1785 1696 1874 presenti

268 1913 326 1984 dio
350 1909 588 2003 promptissima
613 1905 776 1976 voluntate
800 1905 998 1978 commutavi
1021 1917 1053 1977 et
1076 1907 1193 1980 tradidi
1217 1906 1309 1978 vobis
1325 1908 1447 1976 cesario
1469 1909 1612 1978 ferrariow
1628 1910 1696 1980 lilio

268 2039 419 2112 iohannis
442 2036 566 2108 dudum
589 2033 716 2105 ferrarii
740 2045 772 2105 et
794 2033 959 2105 maiorarii
982 2037 1192 2129 postmodum
1211 2057 1293 2106 vero
1320 2035 1493 2106 monachi:
1530 2037 1615 2109 ldest
1637 2037 1690 2108 in-

271 2177 398 2258 tegrum
433 2181 537 2230 uuum
559 2157 705 2228 modium
736 2181 847 2232 meum
870 2159 910 2230 de
934 2169 1019 2230 terra
1042 2182 1107 2252 que
1142 2158 1349 2234 nominantur
1372 2171 1405 2230 at
1427 2159 1607 2233 mulianum
1630 2167 1697 2258 pic·

270 2290 375 2361 tulum
398 2285 497 2356 situm
520 2285 555 2354 in
579 2283 821 2355 calbetitianum
847 2305 911 2352 una
936 2307 1011 2354 curn
1027 2283 1195 2352 arboribus
1210 2291 1333 2350 etcum
1349 2284 1519 2357 introitum
1543 2308 1639 2359 suum
1663 2297 1697 2359 et

272 2415 420 2489 omuibus
443 2411 505 2484 sivi
527 2409 760 2504 pertinentibus
784 2419 817 2478 et
839 2416 914 2479 suut
937 2407 1006 2479 lilas
1029 2408 1108 2479 duas
1132 2409 1172 2480 de
1195 2409 1339 2484 arbores.
1367 2419 1400 2484 et
1422 2411 1554 2484 coheret
1576 2413 1638 2487 siri
1654 2415 1696 2488 ab

272 2563 337 2612 uno
359 2540 457 2611 latere
481 2547 566 2607 terra
590 2533 676 2604 leoni
701 2532 847 2604 demaria
870 2533 911 2603 de
935 2530 1102 2602 nominato
1124 2532 1198 2603 loco
1221 2533 1486 2606 calbetitianum:
1512 2548 1545 2608 et
1568 2538 1608 2608 ab
1632 2535 1697 2609 alio

270 2669 369 2739 latere
394 2675 426 2738 et
449 2667 489 2738 de
511 2687 578 2734 uuo
601 2665 704 2756 capite
728 2671 776 2732 est
799 2669 884 2730 terra
907 2668 1016 2730 nostra
1031 2683 1098 2754 que
1112 2659 1270 2732 innostra
1287 2664 1521 2739 reservavimus
1537 2637 1696 2758 potestate

271 2794 331 2889 qui
352 2793 491 2888 pertinet
513 2789 605 2860 nohis
628 2811 689 2882 pro
712 2786 923 2860 exlundatum
947 2785 987 2858 de
1009 2786 1147 2857 tuntum
1181 2796 1329 2859 nostrum
1352 2789 1411 2884 qui
1443 2792 1629 2862 nominatur
1652 2792 1693 2864 de

270 2925 375 2994 fracta
397 2921 457 2991 slta
480 2921 521 2991 de
544 2919 614 3012 ipso
637 2917 722 2988 loco.
746 2925 779 2988 et
802 2914 843 2985 ab
866 2913 931 2984 alio
954 2913 1058 3008 eapite
1082 2922 1130 2986 est
1152 2914 1299 2986 similiter
1323 2925 1408 2986 terra
1437 2927 1549 2988 nostra
1573 2943 1638 3016 que
1661 2921 1696 2990 iu

272 3053 380 3118 nostra
403 3045 638 3119 reservavimus
661 3052 817 3138 potestate
841 3043 900 3139 qui
922 3041 1061 3136 pertinet
1083 3040 1177 3112 nobis
1200 3039 1240 3112 de
1264 3043 1365 3114 alium
1388 3045 1525 3116 fundum
1548 3057 1695 3119 nostrum

273 3173 486 3246 cxlundatum
509 3171 568 3266 qui
586 3169 648 3240 luit
670 3171 711 3244 de
735 3191 906 3245 romanum
922 3169 963 3241 de
978 3169 1145 3238 nominato
1159 3166 1253 3238 loeo:
1271 3171 1356 3250 uude
1372 3171 1454 3242 nihil
1470 3172 1562 3242 uobis
1577 3175 1694 3246 exinde

273 3293 404 3388 aliquod
430 3289 584 3369 remansit
607 3299 663 3360 aut
690 3288 854 3362 reservavi
877 3311 937 3361 nec
960 3288 995 3359 in
1019 3287 1158 3358 alienam
1193 3311 1364 3382 personam
1394 3292 1615 3362 commisimus
1639 3304 1695 3364 aut

271 3419 338 3490 iam
361 3416 593 3487 committimus
616 3424 790 3509 potestate:
817 3423 851 3486 et
873 3439 892 3485 a
915 3415 1055 3511 presenti
1071 3412 1123 3484 die
1140 3421 1173 3484 et
1190 3413 1339 3508 deinceps
1353 3412 1612 3506 prenominatum
1629 3437 1696 3484 no-

271 3543 428 3616 minatum
452 3565 554 3614 unrrm
576 3542 724 3613 modium
746 3548 895 3612 nortuum
917 3538 958 3611 de
981 3541 1147 3612 nominata
1170 3549 1255 3611 terra
1279 3561 1344 3631 que
1360 3537 1546 3608 nominatur
1559 3549 1593 3608 at
1614 3564 1696 3613 mu-

272 3671 360 3742 lianu
384 3670 545 3764 pictulum
568 3671 667 3740 situm
691 3667 727 3738 in
749 3667 915 3738 nominato
942 3663 1016 3735 loco
1041 3665 1100 3759 qui
1118 3664 1303 3735 nominatur
1318 3663 1558 3738 calbetitiauum
1574 3679 1607 3740 et
1621 3681 1700 3742 sunt

273 3799 325 3871 tta
349 3797 414 3869 dua
438 3796 479 3866 de
504 3795 634 3866 arbores
656 3817 722 3864 una
745 3815 820 3864 cum
843 3791 1013 3863 introitum
1035 3815 1133 3863 suurn
1156 3799 1189 3862 et
1212 3793 1363 3866 omnibus
1383 3796 1447 3868 sivi
1464 3796 1696 3892 pertinentibus

276 3933 433 4020 quatenm
456 3944 515 4014 per
537 3918 717 3992 nominatas
740 3916 940 3989 coherentias
963 3914 1056 3987 vobis
1078 3939 1155 3988 eurn
1178 3915 1392 3990 insinuarint
1408 3945 1507 4016 super
1528 3922 1648 4016 legitur
1671 3949 1692 4020 u

274 4049 368 4122 nobis
390 4047 451 4118 tivi
474 4046 516 4117 sit
539 4053 773 4130 commutatum
797 4051 831 4113 et
854 4042 1008 4114 traditum
1030 4041 1145 4132 intua
1168 4044 1326 4114 nominati
1360 4047 1473 4119 cesarii
1508 4047 1636 4124 ferrarii
1662 4061 1694 4123 et
1814 4115 1820 4126 .

276 4177 316 4250 de
339 4175 404 4248 tuis
426 4173 598 4246 heredibus
621 4173 685 4243 sint
708 4179 865 4265 potestate
888 4193 1019 4264 queque
1042 4169 1161 4242 exinde
1186 4172 1292 4247 iacere
1316 4174 1508 4246 volueritis:
1533 4187 1565 4246 et
1588 4199 1697 4270 neque

280 4301 417 4374 anobis
439 4300 606 4372 nominato
628 4297 769 4371 iohanne
794 4298 916 4371 domiui
942 4299 1045 4392 gratia
1070 4293 1189 4371 Conurl
1213 4309 1245 4372 et
1268 4301 1338 4372 dux
1361 4325 1425 4370 una
1449 4323 1524 4374 curn
1539 4325 1697 4378 consensu

279 4439 313 4500 et
334 4428 500 4500 voluntate
522 4427 687 4498 nominate
712 4427 870 4498 theodore
894 4427 1034 4521 gloriose
1058 4427 1185 4498 ducisse
1206 4426 1338 4520 coniugi
1364 4449 1455 4500 meae
1479 4453 1584 4524 neque
1602 4458 1621 4502 a
1637 4455 1700 4504 uo·

275 4553 350 4625 stris
373 4551 547 4625 herodibus
570 4573 629 4622 nec
653 4576 672 4620 a
695 4549 789 4621 nobis
812 4550 957 4644 personis
980 4550 1158 4620 summissis
1181 4549 1272 4621 nullo
1295 4559 1440 4645 tempore
1457 4575 1636 4648 numquam
1654 4566 1692 4626 tu

275 4677 443 4749 nominato
466 4673 589 4746 cesario
611 4675 747 4746 ferrario
772 4683 829 4745 ant
852 4672 916 4744 tuis
937 4672 1112 4746 heredibus
1135 4674 1225 4768 quod
1249 4673 1331 4744 absit
1353 4674 1474 4748 abeatis
1498 4679 1615 4750 exinde
1631 4677 1698 4748 ali-

276 4801 407 4898 quaudo
430 4800 573 4896 qualibet
595 4798 847 4894 requesitionem
870 4809 927 4870 aut
949 4795 1131 4871 molestiam
1155 4821 1174 4866 a
1197 4821 1283 4870 nunc
1306 4807 1340 4894 et
1363 4800 1398 4871 in
1417 4803 1582 4896 perpetuis
1601 4813 1693 4874 tern-

277 4927 413 5023 poribus
436 4929 571 5022 lnsupcr
594 4937 627 5000 et
650 4927 692 4998 ab
715 4926 805 4998 omni
829 4927 938 4999 omine
962 4925 1117 5022 omnique
1141 4949 1279 5021 persona
1301 4927 1391 5000 omni
1417 4939 1562 5024 tempore
1588 4953 1648 5002 uos
1665 4945 1697 5004 et
