4854 6528
1359 602 1509 700 (ree)

1388 885 1498 968 clvi.

605 1170 659 1222 an.
824 1145 916 1248 †ln
938 1146 1071 1222 nomine
1094 1143 1220 1221 alemini
1244 1142 1298 1218 dei
1320 1143 1490 1218 salvatoris
1511 1141 1616 1216 neshi
1630 1140 1728 1216 lhesn
1751 1136 1873 1213 Christi
1888 1135 2070 1236 impetente
2095 1143 2164 1218 do-

580 1285 671 1348 973.
729 1277 819 1358 mino
853 1281 968 1355 nnsho
1000 1267 1116 1344 besilio
1147 1289 1268 1365 magno
1298 1267 1498 1362 Imperatore
1525 1284 1610 1336 enno
1637 1261 1896 1359 quetodoeino
1928 1266 1985 1340 red
2007 1277 2040 1339 et
2065 1289 2153 1342 eon-

728 1404 869 1478 stantino
892 1421 1012 1497 magno
1035 1383 1230 1492 imperatore
1253 1390 1447 1465 hetereius
1468 1409 1554 1462 anno
1574 1389 1759 1464 undecimo.
1783 1401 1818 1464 et
1839 1389 2012 1466 iobsnnem
2035 1415 2158 1490 magno

729 1531 926 1628 imperatore
950 1524 1006 1596 sed
1027 1531 1062 1632 et
1084 1541 1170 1591 anno
1193 1525 1324 1612 quartu
1350 1515 1412 1590 Die
1435 1527 1551 1613 quarta
1574 1517 1699 1591 deeime
1712 1519 1832 1590 mnis
1853 1518 2039 1615 septembrii
2060 1521 2154 1596 indt—

732 1658 838 1732 ctione
860 1647 1000 1726 secnnda
1023 1643 1173 1740 neapoli:
1198 1645 1331 1719 Certum
1357 1652 1406 1717 eet
1427 1665 1481 1716 me
1495 1644 1688 1740 stephanum
1705 1643 1809 1718 lilium
1824 1648 1986 1742 quondam
2008 1645 2159 1722 iohannis

730 1787 772 1859 de
794 1777 1010 1876 pumilionum
1034 1773 1113 1848 ioris
1137 1795 1250 1845 aroora
1277 1773 1403 1846 dudum
1428 1775 1630 1870 aquednetne
1653 1797 1717 1871 ego
1741 1783 1850 1848 autern
1871 1773 2034 1848 havitator
2062 1774 2156 1850 istius

731 1907 861 1983 civitate
883 1899 1021 1998 neapoli
1045 1921 1107 1972 nna
1133 1921 1209 1971 enm
1222 1899 1400 1974 voluntate
1426 1901 1628 1998 egnelperge
1653 1901 1784 1998 eoniuqi
1800 1925 1890 1977 mene
1904 1901 1936 1973 A
1950 1903 2090 1998 presenti
2104 1904 2156 1976 dia

730 2024 947 2128 promtissima
967 2022 1145 2096 volumtate
1169 2021 1359 2096 venundedi
1383 2031 1417 2095 et
1431 2024 1550 2098 tradidi
1572 2023 1666 2099 vohis
1680 2025 1767 2098 leoni
1781 2035 1814 2101 et
1832 2025 1987 2122 stephano
2013 2027 2156 2123 germani

730 2157 807 2234 filis
841 2153 1006 2254 quendem
1039 2151 1166 2246 sparnni
1198 2149 1434 2227 invitatoribus
1468 2161 1578 2228 antem
1610 2153 1646 2226 in
1669 2153 1783 2228 eodem
1814 2153 1889 2226 loeo
1919 2153 2146 2250 pumilionum.

731 2289 824 2360 illest
846 2286 972 2379 integra
993 2303 1059 2357 une
1082 2281 1168 2378 petie
1196 2279 1237 2355 de
1267 2289 1354 2352 terre
1377 2303 1451 2352 mea
1484 2303 1550 2377 qne
1585 2295 1721 2354 vooanrr
1743 2272 1871 2376 pratosa
1892 2281 1996 2378 posita
2020 2283 2156 2360 veroin

729 2421 908 2488 memorato
930 2410 1004 2482 loeo
1025 2407 1240 2505 pumilionum
1258 2399 1331 2480 ’unu
1354 2429 1429 2482 eum
1458 2407 1627 2480 erroribus
1659 2417 1692 2479 et
1710 2407 1881 2479 introitum
1911 2431 2008 2481 snum
2039 2410 2156 2480 omni-

730 2541 869 2634 busque.
902 2535 964 2612 sivi
996 2533 1188 2631 generaliter
1220 2535 1466 2630 pertinentibus.
1500 2535 1678 2631 pertinente
1711 2557 1790 2606 vero
1817 2534 1899 2607 mihi
1924 2558 1943 2604 a
1965 2544 2148 2606 memorato

733 2665 880 2762 genitore
903 2685 990 2736 men.
1016 2659 1197 2736 Coherente
1229 2659 1292 2732 sivi
1323 2661 1388 2734 hab
1412 2681 1479 2730 uno
1502 2659 1602 2730 latere
1626 2665 1716 2752 parte
1739 2657 1897 2730 horientis
1918 2665 2005 2730 terra
2027 2665 2155 2728 vestra.

730 2802 764 2868 et
786 2815 839 2886 ex,
852 2789 916 2864 alio
937 2789 1037 2864 latere
1059 2797 1150 2885 parte
1172 2787 1370 2860 hoccidentis
1393 2795 1479 2856 terre
1502 2783 1638 2856 iohanni
1661 2781 1769 2855 selavi.
1794 2784 1834 2856 de
1856 2803 1925 2854 nno
1940 2781 2045 2876 eapite
2060 2790 2150 2876 parte

730 2913 967 3012 septemtrionis
988 2913 1042 2986 viu
1066 2910 1207 3008 publiea.
1241 2911 1292 2982 De
1320 2909 1384 2982 alio
1409 2897 1513 3004 eapite
1536 2921 1628 3003 parte
1650 2907 1828 2980 meridient
1850 2915 1936 2978 terra
1959 2907 2146 2980 monmterii

729 3052 914 3116 sanctornm
937 3039 1086 3112 theodori
1109 3047 1143 3112 et
1165 3037 1335 3112 sebastiani
1358 3037 1419 3135 qui
1442 3037 1619 3134 appelletur
1642 3035 1799 3130 casapietn
1820 3035 1923 3107 sitnm
1956 3034 1991 3106 in
2018 3035 2150 3109 viride-

732 3167 796 3237 rio.
821 3166 872 3236 De
895 3186 960 3260 qun
982 3161 1064 3234 nihil
1086 3163 1167 3235 mihi
1191 3163 1278 3234 intus
1308 3173 1502 3237 memorntns
1530 3163 1731 3235 coherentins
1755 3161 1889 3258 aliquod
1915 3161 2068 3234 remansit
2090 3168 2147 3232 ent

731 3289 897 3364 reservavi
919 3311 978 3360 nee
1000 3287 1036 3359 in
1058 3285 1197 3360 ehenam
1219 3309 1388 3382 personum
1413 3287 1561 3360 commisi
1585 3295 1798 3382 potestatem:
1824 3287 1872 3357 ltu
1896 3296 1934 3360 nt
1956 3284 1999 3358 ha
2016 3296 2151 3358 nuncet

732 3417 879 3512 deinceps
902 3425 1080 3503 memorata
1104 3414 1229 3510 integra
1252 3415 1337 3510 petia
1362 3416 1403 3489 de
1428 3424 1513 3487 terre
1535 3437 1611 3486 mea
1634 3435 1699 3510 qne
1722 3423 1859 3487 vocatur
1887 3422 2014 3509 pratosa
2037 3414 2098 3486 sita
2120 3413 2155 3484 in

609 3563 610 3568 ¹
730 3543 801 3636 ipso
823 3541 896 3613 loeo
919 3539 1134 3636 pumilionum
1165 3562 1242 3612 uum
1265 3539 1435 3611 arvoribus
1467 3549 1500 3610 et
1522 3537 1695 3610 introitum
1722 3559 1821 3610 snum
1844 3537 2069 3634 omnibusque.
2092 3539 2154 3611 sivi

602 3647 609 3656 '⁸
733 3667 977 3764 pertinentibus.
1000 3669 1087 3740 unde
1110 3665 1193 3738 nihil
1215 3664 1298 3736 mihi
1321 3665 1441 3738 exinde
1465 3662 1620 3736 remansit
1645 3672 1703 3734 unt
1725 3663 1889 3736 reservavi
1913 3673 2073 3760 quatenus
2097 3685 2156 3758 per

730 3808 924 3872 memoratas
948 3795 1148 3870 coherentias
1170 3793 1264 3870 vobis
1287 3819 1325 3866 en
1349 3794 1511 3867 insinuavi
1534 3803 1583 3866 set
1607 3793 1642 3865 in
1665 3793 1795 3888 integro
1818 3796 1903 3866 siout
1922 3793 2070 3890 superius
2101 3795 2155 3869 le-

731 3927 820 4018 gitur
843 3951 862 3996 n
886 3949 939 3998 me
962 3925 1054 3999 vobis
1077 3926 1119 3998 sit
1141 3924 1349 3998 venumdate·
1367 3931 1400 3996 et
1430 3923 1544 3996 tradita
1568 3923 1603 3994 in
1628 3933 1734 3995 vestra
1769 3922 1957 4018 vestrisque
1982 3919 2162 4004 heredibus

731 4055 795 4126 sint
817 4061 1007 4148 potestatem
1029 4077 1159 4151 queque
1182 4053 1300 4127 exinde
1322 4053 1428 4124 iacere
1446 4049 1616 4124 volueritis
1631 4073 1760 4145 semper
1775 4049 1911 4122 liberam
1926 4049 2070 4124 habeatis
2085 4073 2152 4146 pn-

731 4189 891 4252 testetem.
917 4189 950 4250 et
972 4201 1078 4273 neque
1109 4205 1129 4250 a
1160 4201 1213 4252 me
1250 4168 1431 4252 memorato
1465 4178 1620 4270 stephano
1657 4173 1754 4249 eum?
1766 4177 1944 4251 volumtate
1974 4185 2154 4250 memorate

733 4303 931 4398 ngualperga
955 4301 1087 4397 noningi
1110 4324 1202 4376 mene
1222 4325 1366 4398 nequeo
1389 4302 1469 4375 meis
1492 4302 1665 4374 heredibus
1688 4301 1779 4372 nullo
1802 4311 1949 4396 tempore
1972 4323 2151 4398 numquam

732 4451 792 4501 vos
814 4435 1012 4504 memoratus
1043 4428 1095 4503 leo
1128 4437 1161 4503 et
1188 4429 1344 4526 stephano
1378 4427 1542 4523 germanis
1574 4435 1631 4498 aut
1658 4425 1792 4498 heredes
1817 4427 1931 4500 vestris
1954 4429 2045 4523 qnod
2071 4427 2154 4498 obsit

731 4557 874 4632 habeatis
897 4559 1013 4633 exinde
1038 4559 1210 4656 aliquando
1234 4579 1439 4655 quecumque
1455 4555 1701 4652 requisitionem
1716 4565 1773 4628 aut
1788 4555 1934 4630 molestie
1950 4577 2009 4650 per
2024 4555 2153 4628 nullum

590 4749 594 4756 ,
731 4687 866 4756 modum
889 4683 1029 4780 neo‘per
1052 4687 1229 4760 summissis
1252 4686 1397 4782 personis
1418 4685 1461 4758 he
1477 4707 1563 4758 nune
1577 4692 1610 4758 et
1626 4685 1835 4781 imperpetuis
1858 4683 2069 4778 temporibus.
2092 4683 2156 4756 ln-

732 4829 830 4902 super
853 4809 943 4878 omni
965 4819 1111 4902 tempore
1135 4793 1197 4904 ego
1212 4819 1245 4880 et
1259 4811 1393 4884 heredes
1408 4807 1490 4884 meis
1507 4809 1600 4882 vohis
1618 4809 1817 4904 vestrisque:
1845 4807 2019 4882 heredibus
2035 4807 2153 4884 exinde

734 4935 775 5005 eb
798 4934 902 5006 omnis
923 4933 1070 5008 homines
1093 4937 1249 5032 omnique
1273 4938 1465 5032 persone-in
1480 4936 1631 5009 omnibus
1655 4945 1812 5012 anteum
1836 4946 1870 5012 et
1885 4939 2048 5013 defensare
2064 4958 2154 5034 pro·
