4854 6528
886 627 1029 722 (sor)

247 787 376 882 tuisque
400 782 572 856 heredibus
595 789 753 857 antestare
777 789 811 858 et
833 783 999 859 defensore
1022 782 1195 860 debeamus
1218 795 1351 884 propter
1374 791 1463 886 qnod
1485 791 1667 888 recepimus

248 935 267 980 e
290 920 323 982 te
345 909 427 981 idest
450 907 522 980 nuri
544 905 663 978 solidos
686 905 819 980 sidecim
841 906 1045 1002 bythisnteos
1068 916 1102 980 et
1124 911 1186 981 teri
1208 919 1273 982 tres
1291 921 1329 982 ut
1343 912 1428 984 inter
1450 917 1545 990 nobis
1569 937 1668 990 com·

249 1029 361 1104 benit:
398 1039 622 1102 verumtamen
655 1029 744 1102 stetit
766 1028 860 1105 nobis
891 1037 928 1100 nt
952 1030 992 1102 de
1014 1029 1084 1124 ipse
1107 1033 1252 1104 membre
1276 1034 1434 1130 quisunt
1460 1039 1667 1135 scohopertss

250 1158 290 1230 de
314 1163 404 1250 perte
427 1151 562 1226 orientis
584 1153 765 1228 nullatenus
787 1177 842 1230 me
865 1162 922 1226 eut
945 1154 1080 1228 heredes
1103 1155 1184 1230 meis
1207 1166 1244 1229 tu
1267 1168 1325 1230 eut
1346 1135 1482 1234 heredes
1505 1165 1569 1236 tuis
1592 1189 1672 1260 pro·

250 1279 370 1354 vocetis
395 1277 436 1350 nd
460 1277 683 1350 entestendum
705 1285 755 1350 set
777 1285 816 1348 tn
838 1284 872 1350 et
886 1277 1020 1350 heredes
1040 1279 1105 1351 tnis
1127 1279 1201 1352 inde
1217 1279 1342 1354 entnris
1364 1283 1481 1356 exinde
1500 1286 1623 1358 iacietis
1639 1297 1672 1362 et

250 1429 308 1482 nos
331 1405 449 1480 exinde
471 1403 614 1478 indemni
637 1425 825 1480 meneemns
838 1404 970 1499 insuper
992 1413 1026 1476 et
1039 1407 1235 1500 quandoque
1258 1408 1317 1482 tihi
1341 1410 1470 1508 tuisque
1497 1411 1671 1488 heredibus

249 1551 378 1606 necesse
401 1528 500 1602 fuerit
522 1527 592 1622 ipse
624 1527 755 1602 notities
784 1551 851 1625 qne
882 1535 961 1622 oput
989 1549 1042 1602 me
1069 1527 1151 1600 abeo
1173 1537 1252 1604 tune
1281 1553 1343 1626 ego
1370 1543 1403 1605 et
1426 1534 1561 1610 heredes
1588 1539 1670 1612 meis

249 1657 309 1730 tibi
348 1655 476 1749 tuisque
506 1652 681 1728 heredibus
711 1675 766 1727 ees
797 1653 874 1727 dore
906 1649 1080 1726 &hermus
1102 1653 1145 1726 ed
1165 1651 1269 1732 hnem
1297 1653 1479 1730 nuendum
1507 1669 1540 1731 et
1562 1671 1673 1754 postea

250 1782 320 1854 illes
344 1789 421 1874 epnt
443 1800 503 1851 nos
524 1779 651 1873 ponetis
673 1777 752 1876 quie
774 1777 820 1849 ite
842 1775 937 1850 nobie
958 1777 1068 1851 stetit:
1094 1776 1123 1854 si
1146 1786 1255 1852 entem
1274 1802 1337 1874 ego
1358 1788 1415 1851 ent
1435 1777 1569 1854 heredes
1590 1787 1674 1859 meis

251 1905 344 1978 aliter
366 1903 537 1978 fecerimus
560 1905 601 1978 de
624 1903 677 1978 his
699 1901 851 1980 omnibns
881 1904 1069 1980 memoretis
1096 1909 1174 1976 tune
1205 1903 1430 1998 componimus
1457 1903 1517 1976 tihi
1547 1907 1675 2004 tuisque

251 2031 424 2106 heredibus
446 2032 519 2104 nuri
541 2029 661 2126 solidos
684 2029 818 2124 triginta
840 2029 1046 2126 hythientecs
1069 2037 1103 2103 et
1125 2028 1187 2102 hec
1210 2029 1355 2108 cbortnle
1378 2033 1420 2104 sit
1439 2033 1531 2106 tirme
1552 2036 1672 2132 scripte

251 2180 310 2250 per
333 2177 447 2232 menne
469 2155 617 2231 iohannis
640 2153 771 2230 curialis
792 2173 852 2248 per
874 2162 1055 2228 memorate
1078 2153 1318 2247 qmmdeeina
1341 2155 1517 2230 indictione
1541 2155 1572 2251 †

347 2281 411 2352 hoc
433 2280 563 2374 signnm
584 2299 701 2350 menne
723 2276 895 2352 memorati
917 2277 1042 2376 iugulo
1063 2296 1126 2374 opo
1149 2297 1209 2372 pro
1226 2276 1258 2352 ei
1281 2275 1454 2372 subscripsi
1479 2287 1512 2352 et
1534 2301 1669 2354 merno-

255 2413 326 2478 reto
349 2405 469 2476 solidos
493 2403 628 2475 uediws
652 2400 764 2495 bidi†

346 2531 466 2626 †ego
492 2527 649 2606 iohannes
679 2525 765 2598 filins
797 2525 921 2604 domini
952 2529 1039 2602 leoni
1071 2543 1203 2626 rogetus
1236 2559 1254 2606 e
1287 2533 1522 2630 suprascriptos
1552 2535 1675 2629 iugules

253 2658 327 2733 testi
350 2657 523 2752 subscripsi
545 2667 578 2728 et
600 2653 836 2750 suprascriptos
857 2654 980 2728 solidos
1004 2657 1138 2730 traditos
1160 2661 1229 2736 bidi
1253 2663 1284 2758 †

346 2781 378 2880 †
401 2805 462 2880 ego
485 2793 595 2877 petru
619 2781 704 2852 filius
736 2780 861 2856 domini
891 2779 1041 2855 iobnnnis
1073 2791 1205 2875 rogetus
1238 2810 1257 2856 e
1289 2790 1522 2883 suprascriptos
1550 2787 1673 2884 ingeres

254 2909 329 2983 teeti
352 2906 526 3002 subscripsi
549 2916 582 2978 et
604 2905 836 3000 suprascriptos
858 2903 978 2980 solidos
1003 2905 1136 2978 traditos
1159 2907 1230 2984 hidi
1252 2909 1284 3005 †

348 3037 380 3134 †
403 3058 465 3131 ego
488 3044 598 3129 petrus
620 3033 705 3108 filios
728 3033 852 3114 domini
874 3032 979 3108 basilii
1002 3043 1135 3130 rogetus
1158 3059 1178 3105 e
1200 3037 1436 3130 suprascriptos
1452 3036 1576 3130 iugules
1598 3039 1673 3110 testi

256 3157 429 3254 subscripsi
453 3167 486 3232 et
508 3157 739 3252 suprascriptos
761 3155 881 3232 solidos
904 3156 1039 3236 traditos
1062 3155 1130 3233 hidi
1154 3155 1187 3248 †

353 3285 384 3384 †
407 3283 476 3386 Ego
493 3282 647 3362 iunones
663 3281 801 3358 Corielis
814 3279 985 3380 complevi
1001 3289 1033 3356 et
1049 3277 1173 3356 absolvi
1188 3303 1247 3378 per
1262 3287 1440 3356 memorate
1455 3277 1631 3356 indictione
1645 3274 1676 3374 †
