4876 6532
1436 623 1559 726 (ὅσ)

788 815 839 879 tes
862 811 937 873 tros.
960 806 996 871 et
1018 817 1079 891 ego
1109 793 1292 865 nominatus
1314 790 1367 862 leo
1390 797 1422 861 et
1445 789 1578 864 heredes
1609 789 1688 860 meis
1719 787 1837 858 exinde
1873 791 2064 858 eutcstemus
2099 793 2205 879 partes

788 931 889 1002 duas:
915 947 974 1018 pro
1000 945 1040 994 eo
1063 921 1151 1015 quod
1174 917 1209 986 iu
1232 917 1371 1010 presenti
1396 914 1575 1008 accepimus
1600 935 1619 980 a
1641 911 1734 983 vobis
1759 909 1875 980 exinde
1900 910 1980 982 idest
1995 910 2067 980 euri
2082 910 2199 982 solidos

788 1050 907 1146 viginti
923 1050 1002 1118 duos
1017 1044 1228 1140 bythianteos.
1239 1040 1273 1109 in
1287 1048 1417 1110 cantum
1427 1039 1467 1108 de
1481 1037 1599 1133 quibus
1612 1059 1655 1108 ex
1669 1035 1716 1105 eis
1734 1055 1792 1103 uos
1807 1055 1919 1104 omnes
1935 1057 1995 1127 pro
2011 1033 2082 1116 vice
2096 1035 2206 1105 nomi·

789 1183 866 1249 nate
889 1169 1019 1244 ecclesie
1051 1175 1159 1240 nostre
1193 1165 1294 1236 sancti
1316 1161 1463 1234 iohannis
1486 1161 1618 1230 tulimus
1642 1167 1747 1252 partes
1776 1166 1850 1230 tres.
1875 1165 1908 1228 et
1931 1181 1994 1252 ego
2022 1161 2205 1232 nominatus

788 1297 845 1370 leo
869 1321 928 1390 pro
951 1296 1023 1366 vice
1046 1293 1209 1366 nominate
1231 1288 1363 1361 ecclesie
1398 1309 1471 1354 moe
1497 1291 1604 1352 sancte
1627 1282 1750 1376 agnetis
1773 1306 1817 1354 ex
1839 1283 1885 1353 eis
1909 1283 1969 1354 tuli
1992 1293 2098 1378 partes
2125 1287 2205 1358 duas

789 1424 828 1492 in
851 1447 982 1498 omnem
1004 1421 1165 1492 decisione
1189 1441 1246 1487 seu
1261 1411 1538 1484 deliberationem.
1563 1413 1786 1484 tautummodo
1801 1411 1888 1482 stetit
1902 1412 1995 1484 nobis
2008 1421 2046 1483 ut
2060 1437 2121 1508 pro
2139 1413 2206 1508 ipsa

792 1548 923 1640 scapula
946 1552 979 1613 et
1000 1565 1061 1634 pro
1084 1543 1190 1633 ipsum
1213 1539 1343 1632 pianum
1367 1535 1407 1606 de
1430 1535 1515 1606 intus
1539 1538 1653 1609 eodem
1676 1535 1748 1608 ribo
1760 1537 1852 1608 nulio
1875 1539 1974 1609 modo
1992 1559 2050 1610 vos
2068 1547 2125 1609 eut
2140 1559 2208 1631 po-

792 1674 888 1744 steris
910 1667 1026 1738 vestris
1048 1687 1107 1736 uos
1129 1675 1186 1736 eut
1207 1666 1342 1737 heredes
1365 1665 1483 1735 uostris
1513 1665 1695 1758 probocetis
1718 1665 1758 1738 sd
1786 1669 2019 1740 autestsudum.
2053 1665 2137 1748 Quia
2162 1666 2207 1737 ite

792 1795 881 1868 inter
903 1789 996 1860 nobis
1024 1788 1210 1864 combeuit:
1230 1790 1272 1862 Si
1295 1797 1404 1860 autem
1436 1811 1496 1860 nos
1519 1795 1576 1859 sut
1597 1789 1730 1865 heredes
1760 1789 1878 1860 nostris
1906 1792 2024 1884 quovis
2059 1800 2205 1884 tempore

794 1921 907 1987 contra
930 1913 1013 1986 hene
1038 1912 1217 1982 chartulam
1239 1912 1432 1984 venditionis
1454 1920 1492 1982 ut
1513 1912 1742 2006 supertegitur
1757 1913 1868 1982 venire
1884 1912 2149 2003 presumserimus
2177 1923 2211 1986 et

795 2039 933 2118 minime
956 2039 1235 2131 adimpleverimus
1257 2037 1318 2108 hec
1341 2036 1451 2108 omnia
1473 2037 1636 2108 nominata
1658 2044 1692 2108 et
1714 2035 1750 2108 iu
1764 2035 1887 2132 aliquid
1902 2038 2129 2113 offeuderimus
2152 2065 2211 2136 per

796 2169 917 2263 quovis
940 2169 1072 2238 modum
1086 2175 1143 2238 aut
1164 2163 1341 2238 summissis
1364 2164 1520 2260 personis.
1548 2173 1624 2236 tunc
1646 2165 1868 2259 componimus
1890 2166 1984 2238 vobis
2007 2169 2207 2263 posterisque

801 2294 915 2367 vestris
939 2294 1168 2386 nominumque
1192 2305 1301 2365 sancto
1325 2299 1358 2361 et
1380 2290 1556 2362 venerabili
1579 2299 1687 2362 vestro
1711 2293 1904 2365 monasterio
1940 2295 2013 2364 auri
2034 2295 2116 2364 libra
2146 2319 2212 2368 una

801 2421 990 2516 byrhieutea
1011 2427 1046 2496 et
1068 2419 1129 2496 hec
1151 2415 1295 2490 chartula
1318 2415 1456 2508 quoiiter
1479 2415 1621 2485 continet
1644 2417 1735 2486 firma
1769 2431 1954 2508 permaneat
1977 2421 2214 2514 imperpetuum

802 2546 921 2641 scripta
943 2569 1002 2640 per
1024 2566 1139 2619 monus
1162 2541 1293 2616 iobauui
1316 2537 1447 2614 curialis
1469 2537 1609 2611 scribere
1640 2539 1828 2632 rogavimus
1850 2561 1909 2637 per
1935 2541 2109 2618 indictione
2146 2568 2215 2615 ue-

805 2673 928 2748 minae
950 2669 1185 2768 quintadecima
1208 2670 1239 2764 †

902 2806 975 2874 Hoc
998 2804 1127 2893 signum
1151 2801 1182 2894 †
1203 2817 1317 2872 manus
1339 2797 1502 2869 nominate
1523 2798 1625 2868 drosu
1648 2819 1723 2870 cum
1746 2798 1912 2870 voluntate
1935 2799 2092 2869 nominati
2116 2803 2216 2873 fasani

804 2927 871 2995 viri
894 2927 956 2995 sui.
992 2925 1121 3014 signum
1143 2919 1174 3013 †
1197 2944 1310 2992 manus
1341 2921 1500 2992 nominati
1531 2919 1674 2990 iohanni.
1705 2922 1833 3013 signum
1857 2919 1887 3012 †
1911 2944 2024 2992 manus
2059 2925 2216 2995 nominati

810 3046 944 3118 iohanni
966 3068 1042 3117 cum
1064 3046 1229 3116 voluntate
1252 3045 1414 3116 nominate
1437 3045 1546 3114 sillitte
1570 3043 1700 3138 coniugi
1720 3067 1788 3114 sue.
1805 3045 1933 3136 signum
1957 3043 1988 3137 †
2012 3069 2124 3117 monus
2149 3071 2217 3118 uo-

809 3175 930 3246 minste
963 3173 1116 3266 eupraxie
1139 3182 1172 3243 et
1199 3170 1346 3240 iohannis
1376 3170 1546 3263 germanis.
1570 3169 1698 3263 signum
1719 3169 1751 3263 †
1774 3194 1887 3242 munus
1922 3173 2085 3248 nominate
2110 3201 2215 3270 genre.

809 3299 939 3390 siguum
961 3296 992 3390 †
1015 3321 1128 3368 manus
1151 3297 1312 3367 nominate
1335 3297 1557 3367 theodouende
1591 3318 1666 3366 cum
1697 3296 1860 3368 voluntate
1893 3301 2047 3370 nominati
2081 3302 2144 3370 viri
2167 3306 2219 3374 sui

811 3447 873 3518 ego
896 3424 955 3519 qui
989 3422 1170 3494 nominatos
1193 3445 1253 3516 pro
1276 3423 1322 3494 eis
1345 3421 1517 3514 subscripsi
1541 3430 1573 3492 et
1596 3421 1775 3493 nominatus
1798 3411 1916 3493 solidos
1937 3425 2069 3496 traditos
2094 3426 2163 3496 vidi
2189 3424 2221 3520 †

904 3548 936 3645 †
959 3573 1021 3644 ego
1044 3550 1199 3620 iohannes
1221 3549 1378 3642 presbiter
1400 3547 1574 3641 subscripsi
1596 3546 1628 3642 †

907 3673 939 3770 †
961 3701 1022 3770 ego
1045 3677 1214 3771 gregorius
1238 3674 1411 3768 subscripsi
1434 3674 1465 3769 †

908 3799 939 3896 †
963 3825 1025 3896 ego
1048 3801 1100 3874 leo
1123 3800 1296 3892 subscripsi
1320 3799 1395 3894 ††
1418 3821 1481 3894 ego
1503 3799 1677 3893 stephanus
1699 3801 1873 3898 subscripsi
1896 3803 1927 3897 †

907 3925 938 4016 †
962 3949 1023 4016 ego
1046 3924 1098 3994 leo
1122 3924 1294 4016 subscripsi
1317 3923 1348 4020 †

909 4047 941 4142 †
964 4072 1026 4141 ego
1049 4048 1100 4118 leo
1125 4049 1210 4118 tilius
1233 4049 1355 4120 domini
1378 4048 1525 4120 iohannis
1547 4058 1679 4142 rogatus
1694 4074 1711 4119 a
1727 4051 1955 4146 suprascriptus
1978 4073 2129 4148 personas
2148 4057 2222 4124 testi

813 4174 986 4269 subscripsi
1008 4185 1041 4248 et
1062 4173 1293 4268 suprascriptos
1315 4175 1433 4256 solidos
1455 4177 1610 4247 confiteor
1633 4175 1809 4268 percepisse
1832 4172 1862 4266 †

823 4361 825 4368 ,
911 4297 942 4393 †
965 4323 1027 4394 ego
1050 4299 1220 4393 gregorius
1243 4299 1326 4371 filius
1350 4300 1472 4372 domiui
1495 4301 1611 4372 marini
1635 4315 1798 4395 rogatura
1821 4305 2049 4397 suprascriptas
2071 4323 2224 4398 personas

816 4427 889 4505 testi
912 4425 1084 4518 subscripsi
1106 4435 1140 4498 et
1162 4426 1393 4520 suprascriptos
1416 4425 1535 4498 solidos
1561 4429 1720 4499 confessos
1744 4429 1924 4523 percepisse
1947 4428 1978 4522 †

913 4558 944 4649 †
968 4578 1029 4648 ego
1053 4554 1222 4648 gregorius
1237 4555 1322 4628 tilius
1337 4554 1458 4626 domini
1476 4553 1624 4634 iohannis
1639 4566 1769 4648 rogatus
1792 4557 2051 4650 usuprascriptas
2074 4577 2225 4649 personas

821 4686 894 4760 testi
917 4681 1089 4776 subscripsi
1110 4691 1142 4752 et
1164 4682 1394 4776 suprascriptos
1418 4679 1535 4752 solidos
1558 4681 1713 4750 couiiteor
1734 4681 1912 4772 percepisse
1935 4677 1967 4772 †

913 4809 944 4902 †
967 4830 1030 4900 ego
1052 4805 1206 4877 iohannes
1228 4805 1365 4876 Curiulis
1387 4803 1554 4896 Complcvi
1577 4811 1609 4874 et
1631 4801 1753 4874 absolvi
1777 4825 1836 4897 per
1865 4803 2041 4874 indictione
2064 4804 2228 4873 nominata

826 4933 1058 5030 quintadecima
1081 4929 1111 5024 †
