4876 6532
881 667 1023 769 (too)
1151 713 1156 720 -

945 967 980 1036 C.

284 1247 303 1326 j
330 1224 362 1322 †
377 1225 562 1298 innomine
578 1221 704 1294 domiui
720 1217 773 1290 dei
788 1216 957 1290 salvatoris
974 1217 1079 1288 nostri
1093 1217 1188 1288 lbesu
1205 1217 1325 1290 Chrisu'
1340 1218 1523 1312 Imperante
1535 1223 1667 1296 domino
1732 1275 1788 1320 an,

236 1363 347 1428 nostro
370 1363 507 1424 romano
530 1373 651 1444 magno
675 1349 872 1440 Imperatore
896 1367 981 1416 anno
1004 1345 1120 1416 octabo
1135 1346 1261 1416 decimo
1284 1345 1341 1416 sed
1358 1355 1390 1416 et
1407 1345 1522 1416 basilio
1546 1369 1665 1442 magno
1715 1383 1801 1446 96³.

128 1570 134 1580 „
236 1483 428 1577 imperatore
452 1477 523 1551 eius
546 1477 615 1548 lilio
637 1496 722 1543 anno
745 1473 842 1544 tertio
865 1471 918 1542 die
941 1471 1180 1565 quartadecima
1195 1473 1314 1543 mensis
1331 1472 1469 1543 ianuarii
1491 1473 1664 1546 indictione

236 1619 324 1680 serta
356 1605 510 1702 neapolis
545 1603 677 1674 Certum
701 1607 749 1670 est
771 1621 825 1668 me
849 1595 1024 1668 iohannem
1055 1597 1158 1668 lilium
1190 1597 1355 1690 quondam
1390 1597 1514 1668 domini
1537 1601 1665 1692 petria

233 1737 375 1832 presenti
390 1736 444 1808 die
460 1730 698 1838 promptissima
721 1728 912 1800 voluntate:
938 1726 1129 1822 venundedi
1146 1734 1179 1797 et
1194 1725 1311 1817 tradidi
1335 1723 1395 1797 tiri
1418 1725 1574 1821 stephano
1598 1729 1664 1800 filio

233 1863 400 1956 quondam
423 1861 492 1946 ursi
514 1854 693 1951 presbiteri.
717 1855 801 1926 ldest
823 1853 858 1924 in
880 1853 1008 1946 integro
1031 1877 1161 1926 omnem
1184 1855 1316 1926 licerem
1339 1877 1450 1925 meum
1473 1855 1515 1925 de
1538 1857 1665 1949 integra

233 2009 299 2060 una
324 1997 409 2058 terre
432 2009 501 2079 que
521 1983 705 2054 nominatur
727 1979 881 2074 graniarii
905 1979 964 2050 sita
987 1977 1023 2048 in
1046 2002 1215 2052 maranum
1243 1981 1333 2074 quod
1359 1987 1407 2050 est
1433 2001 1579 2074 campese
1601 2004 1665 2052 una

235 2137 311 2186 cum
334 2111 503 2184 introitum
527 2135 623 2181 suum
647 2119 679 2182 et
703 2109 854 2182 omnibus
872 2109 938 2182 sivi
961 2109 1195 2204 pertinentibus
1217 2110 1276 2204 qui
1292 2109 1372 2181 mibi
1388 2111 1527 2207 pertinet
1542 2113 1581 2184 de
1599 2136 1665 2184 cx-

234 2241 404 2315 lundatum
428 2239 486 2334 qui
510 2239 642 2312 coheret
664 2239 727 2311 sivi
751 2227 792 2310 ab
815 2261 883 2311 nno
906 2240 1005 2311 latere
1029 2247 1114 2311 terre
1138 2247 1194 2324 tua
1218 2247 1252 2309 et
1266 2241 1305 2312 de
1323 2239 1386 2310 alio
1409 2240 1521 2313 latere
1532 2241 1666 2314 nuberet

236 2377 321 2439 terra
344 2367 383 2438 de
407 2357 455 2434 illl
478 2363 563 2458 parti
586 2363 748 2433 binaccia:
766 2371 801 2440 et
817 2363 858 2431 eb
875 2386 942 2433 uno
957 2363 1062 2454 capite
1084 2363 1217 2434 coheret
1241 2371 1325 2436 terra
1342 2366 1384 2437 de
1396 2365 1445 2436 illi
1466 2366 1661 2460 pantaleoni.

237 2502 269 2562 et
292 2515 334 2562 ex
358 2490 423 2561 alio
446 2489 550 2584 capite
574 2489 705 2560 coheret
721 2496 807 2558 terra
823 2487 863 2558 de
879 2484 926 2557 illi
940 2485 1079 2557 baccarii
1103 2489 1194 2560 Unde
1209 2489 1292 2560 nihil
1307 2489 1388 2560 mihi
1400 2491 1516 2562 exinde
1531 2493 1664 2588 aliquod

233 2620 386 2692 remansit
409 2627 465 2689 aut
488 2616 649 2689 resorberi
672 2639 731 2687 nec
755 2615 789 2686 in
813 2615 951 2688 alienam
974 2617 1131 2712 cuiusque
1154 2639 1325 2711 personam
1348 2620 1439 2716 quod
1462 2619 1543 2692 obsit
1566 2643 1665 2691 com·

234 2743 309 2815 misi
334 2753 391 2814 aut
413 2743 479 2814 iam
501 2742 668 2812 committo
691 2751 870 2838 potestate:
897 2749 973 2812 eta
995 2742 1135 2835 presenti
1159 2742 1211 2814 dic
1227 2751 1260 2814 et
1276 2745 1425 2837 deinceps
1448 2746 1663 2839 prenomina—
1717 2743 1719 2748 ’

218 2877 308 2962 ptum
343 2891 474 2938 omnem
505 2865 636 2939 licerem
661 2875 693 2938 et
727 2865 930 2961 pertinentia.
953 2889 1026 2939 mea
1049 2867 1089 2938 de
1116 2875 1293 2939 memorata
1326 2870 1451 2961 integra
1484 2877 1570 2940 terra
1599 2894 1665 2966 que
1720 2917 1724 2926 ·

233 2993 421 3066 nominatur
444 2991 597 3086 graniarii
613 2992 673 3064 sita
695 2992 730 3063 in
744 3015 914 3064 maranum
930 3001 1086 3085 quamum
1101 2991 1184 3066 mihi
1199 2993 1318 3066 exinde
1333 2994 1472 3088 pertinet
1488 2995 1528 3066 de
1545 2999 1663 3066 erlun-

235 3123 346 3195 datum
361 3131 394 3192 et
410 3145 452 3194 ex
476 3143 621 3214 campese
644 3143 708 3190 una
732 3143 807 3192 cum
831 3121 1001 3220 introitum
1011 3099 1113 3193 suum
1129 3129 1161 3193 et
1178 3123 1327 3196 omnibus
1350 3123 1414 3194 sivi
1429 3125 1663 3217 pertinentibus

236 3277 331 3324 ame
361 3248 421 3322 tivi
443 3249 485 3320 sit
518 3250 739 3322 venundatum
762 3257 795 3321 et
817 3250 972 3322 traditum
995 3247 1031 3320 in
1061 3255 1116 3319 tua
1138 3248 1269 3342 tuisque
1300 3248 1473 3324 heredibus
1504 3254 1568 3324 sint
1599 3279 1662 3348 po-

235 3391 346 3452 testate
370 3379 509 3451 babendi
532 3379 660 3451 tenendi
683 3377 835 3450 bindendi
869 3377 1002 3450 cedendi
1036 3375 1177 3449 donandi
1210 3378 1430 3450 commutandi
1458 3399 1517 3452 seu
1541 3391 1574 3450 at
1598 3383 1661 3452 tuis

234 3507 405 3579 heredibus
429 3507 609 3580 dimittendi
632 3529 690 3580 seu
713 3507 855 3580 cultandi
878 3515 911 3577 et
934 3504 1121 3578 arbustandi
1144 3503 1197 3577 vel
1225 3503 1385 3600 quidquid
1415 3508 1532 3579 exinde
1556 3510 1661 3582 lacere

234 3631 402 3704 volueritis
425 3656 466 3702 av
490 3631 623 3703 odierna
646 3631 699 3702 die
722 3653 848 3724 semper
872 3629 1007 3702 liberam
1028 3628 1175 3700 habeatis
1196 3637 1375 3722 potestate:
1393 3641 1426 3701 et
1449 3655 1555 3726 neque
1572 3657 1591 3701 a
1607 3657 1660 3704 me
1797 3728 1800 3736 Ι
1885 3621 1888 3628 ’

234 3771 413 3832 memorato
436 3759 574 3831 iohanne
597 3782 704 3852 neque
729 3759 844 3828 ameis
867 3757 1040 3830 heredibus
1065 3779 1124 3827 nec
1148 3781 1168 3827 a
1191 3756 1284 3828 nobis
1307 3759 1452 3851 perseius
1484 3759 1661 3830 summissis

196 3937 202 3952 .
232 3886 323 3958 nullo
347 3895 490 3980 tempore
514 3909 693 3982 numquam
715 3894 752 3956 tu
775 3891 955 3954 memorato
978 3881 1134 3978 stephano
1148 3890 1204 3952 aut
1227 3881 1291 3954 tuis
1307 3881 1480 3957 heredibus
1493 3887 1581 3979 quod
1596 3886 1660 3958 ab·

233 4013 274 4082 sit
296 4011 440 4085 habeatis
464 4011 581 4092 exinde
604 4008 778 4104 aliquando
801 4007 1045 4118 requisitionem
1068 4017 1125 4082 aut
1148 4007 1367 4102 molestia'per
1383 4009 1509 4080 nullom
1525 4011 1660 4086 modum

233 4145 503 4236 inperpetuum:
530 4139 660 4233 insuper
684 4147 717 4209 et
740 4137 781 4210 ab
805 4137 895 4209 omui
918 4135 1051 4210 homine
1075 4137 1231 4234 omnique
1255 4161 1391 4230 persona
1407 4139 1657 4235 omnitempore

232 4290 292 4360 ego
316 4277 349 4339 et
371 4265 505 4340 heredes
528 4266 607 4338 meis
631 4263 690 4339 tivi
713 4265 863 4362 tuisque:
890 4263 1063 4338 heredibus
1086 4265 1155 4359 ipsa
1179 4271 1265 4336 terra
1289 4287 1360 4335 mea
1383 4288 1448 4360 que
1472 4267 1553 4339 mihi
1577 4291 1659 4362 per-

232 4394 311 4465 tinet
334 4393 374 4464 de
398 4395 610 4468 exanclatum
633 4415 709 4464 curu
733 4391 883 4466 omnibus
906 4391 970 4464 sivi
993 4391 1227 4487 pertinentibus
1249 4414 1314 4486 que
1339 4391 1399 4463 tivi
1423 4396 1605 4468 venundedi
1622 4406 1658 4467 ut

232 4543 328 4615 super
352 4521 469 4614 legitur
492 4521 528 4594 in
551 4521 702 4594 omnibus
725 4531 882 4593 antestare
906 4531 939 4595 et
961 4521 1126 4594 defensare
1157 4519 1360 4592 debeamusz
1397 4529 1530 4615 propter
1564 4525 1654 4618 quod

234 4649 342 4742 accepi
366 4673 384 4718 a
409 4658 440 4721 te
463 4649 582 4722 exinde
605 4647 640 4720 in
664 4649 819 4744 presentis
842 4649 877 4718 in
900 4670 1031 4722 omnem
1054 4646 1215 4720 decisione
1239 4669 1298 4718 seu
1322 4645 1551 4722 deliberatione
1574 4651 1657 4722 idest

233 4775 302 4849 auri
325 4775 386 4846 tari
409 4782 474 4846 tres
496 4775 580 4846 sicut
602 4773 803 4848 internobis
826 4771 1013 4844 cumvenit:
1040 4772 1068 4842 si
1093 4783 1201 4843 autem
1225 4797 1288 4870 ego
1308 4780 1364 4845 aut
1380 4773 1551 4852 heredibus
1575 4777 1656 4848 meis

232 4909 342 4970 contra
364 4921 424 4970 auc
447 4897 627 4970 chartulam
650 4897 844 4971 venditionis
860 4907 896 4968 ut
910 4919 1007 4991 super
1022 4895 1141 4990 legitor
1158 4896 1270 4969 venire
1288 4897 1578 4994 presumpserimus
1594 4923 1653 4992 per

232 5024 349 5116 quovis
371 5025 503 5095 modum
528 5033 584 5096 aut
606 5021 784 5096 summissis
806 5021 951 5120 personis
977 5029 1052 5093 tunc
1076 5043 1238 5118 compono
1264 5045 1326 5115 ego
1351 5029 1384 5094 et
1406 5019 1540 5096 heredes
1573 5021 1653 5094 meis

336 5152 402 5221 Vol.
429 5153 477 5223 ll.
1279 5159 1321 5224 14
