4854 6528
873 615 1018 711 (ιω)

117 879 118 884 Ν
233 799 360 874 semper
382 775 424 849 sit
446 773 540 846 vobis
562 771 725 848 indefense
739 777 773 848 et
795 773 823 847 si
846 771 1021 871 aliquando
1043 779 1190 870 tempere
1212 783 1391 854 surrexerit
1406 779 1654 886 qualiscumque

234 906 336 980 bomo
356 924 495 999 mugnus
516 899 571 974 vel
592 901 713 997 parbus
735 901 795 997 qui
818 903 887 996 ipse
909 907 996 974 terra
1018 902 1113 976 vobis
1136 903 1249 980 toliere
1265 916 1323 980 eut
1338 919 1487 987 contuere
1511 916 1653 991 boluerit

235 1037 292 1104 aut
313 1031 355 1102 de
377 1029 449 1123 ipse
471 1025 668 1098 monisterio
690 1024 764 1096 illut
791 1023 973 1098 subtraere
992 1025 1134 1098 boluerit
1155 1049 1215 1121 per
1245 1031 1483 1132 qualecumque
1517 1045 1653 1116 modum

235 1153 352 1228 exinde
374 1151 415 1223 sit
437 1150 531 1222 vebis
553 1147 737 1244 bobligntns
760 1157 794 1222 et
815 1150 1063 1244 conponentium
1085 1150 1321 1246 quinquaginta
1344 1155 1439 1230 solidi
1462 1161 1600 1239 virentei
1621 1177 1654 1240 et

232 1282 363 1376 iusuper
384 1279 446 1352 sub
468 1258 638 1350 rnetbeme
659 1278 762 1350 iacent
784 1278 826 1350 du
849 1284 1008 1352 trecentos
1031 1279 1143 1352 decern
1166 1288 1199 1351 et
1222 1289 1297 1354 octo
1319 1290 1450 1377 petrum
1474 1296 1507 1358 et
1528 1303 1654 1384 partem

236 1411 326 1484 abent
348 1415 424 1482 cum
447 1408 525 1481 iuda
548 1402 702 1478 traditore
726 1405 851 1478 domini
873 1406 976 1478 nostri
1000 1405 1095 1482 ihesu
1116 1407 1231 1480 christi
1244 1418 1277 1481 et
1292 1411 1401 1484 beniet
1415 1415 1447 1486 ei
1462 1416 1547 1490 sieut
1569 1421 1652 1495 ebc-

233 1538 281 1608 nit
303 1537 344 1609 nd
367 1533 465 1608 ctbcn
498 1543 532 1606 et
566 1533 606 1604 ed
640 1533 756 1606 aviron
779 1534 837 1628 qui
872 1532 920 1605 sic
953 1533 1045 1604 ribos
1074 1541 1177 1606 terras
1199 1536 1262 1605 'eos
1291 1535 1463 1629 deglutibit
1488 1535 1548 1634 q'ui
1582 1548 1652 1640 ipsa

230 1672 317 1736 terre
340 1665 381 1736 de
404 1661 476 1756 ipso
498 1661 695 1734 mmuterio
718 1669 886 1756 suptreere
908 1660 1050 1734 boluerit
1072 1671 1106 1733 et
1128 1682 1188 1733 ene
1211 1669 1333 1735 certum
1356 1665 1535 1740 cretionis
1559 1673 1652 1748 firme

232 1795 266 1857 et
288 1785 434 1858 sterilem
456 1795 642 1880 permensit
662 1786 890 1882 inperpetuum
904 1795 937 1894 et
951 1793 984 1858 te
1006 1791 1118 1880 petrus
1139 1787 1286 1866 notetus
1301 1788 1442 1864 seribere
1465 1795 1654 1889 rogavimus
1791 1852 1792 1856 κ

233 1915 307 1984 ectu
331 1908 459 1982 cicicnu
481 1932 594 1984 mense
617 1917 652 1984 et
674 1909 851 1984 indictione
873 1909 1093 2008 suprascripte

243 2075 246 2082 ν
326 2033 444 2130 ree
465 2037 591 2128 serens

263 2181 266 2188 ’
332 2160 449 2256 †ego
472 2159 604 2232 ioannes
627 2162 795 2258 presbyter

274 2323 276 2328 ·
328 2282 445 2380 †ego
468 2294 578 2380 petrus
601 2285 769 2381 presbyter

327 2408 442 2504 †ego
468 2412 623 2485 iohannes
645 2413 815 2507 presbyter
954 2463 958 2472 ·
