4954 6532
969 605 1090 699 (³⁵)

321 765 414 836 sulcis
437 763 554 834 vestris
577 765 610 834 et
633 767 671 831 ut
693 761 815 833 iustum
849 763 972 833 luerit:
1010 764 1144 855 Insuper
1179 761 1274 834 licens
1298 783 1357 834 nos
1386 769 1558 840 nominatis
1581 773 1741 864 germanis

323 888 413 960 omni
437 911 522 958 enno
554 887 712 958 seminare
744 886 779 956 in
814 887 921 979 ipsum
951 887 1088 960 casalem
1121 896 1267 961 vestrum
1294 891 1334 961 de
1358 902 1467 960 nostre
1506 909 1662 968 sementes
1684 899 1742 969 in-

322 1031 452 1092 ternos
476 1016 562 1088 umbi
587 1013 732 1086 triticum
766 1017 918 1088 modium
952 1037 1056 1088 unum
1086 1017 1234 1087 etlehas
1257 1018 1405 1088 modium
1427 1042 1541 1090 unum.
1575 1031 1608 1093 et
1636 1025 1740 1096 linum

321 1151 461 1216 semente
483 1143 632 1217 modium
658 1163 763 1214 unum
788 1149 821 1212 et
846 1163 1027 1236 supernos
1050 1139 1132 1212 illud
1154 1143 1345 1236 recolligere
1368 1155 1400 1214 et
1422 1145 1565 1216 habere:
1604 1156 1635 1216 et
1658 1149 1738 1218 nul-

319 1274 442 1346 latenus
465 1293 666 1367 presummes
690 1279 727 1344 tu
752 1281 808 1342 uut
832 1272 970 1366 posteris
992 1272 1058 1344 tuis
1077 1272 1242 1344 nominata
1258 1271 1355 1344 hacce
1370 1273 1623 1346 cumnominute
1639 1301 1739 1370 genoe

326 1421 424 1492 quem
449 1396 598 1492 superius
628 1397 723 1470 nobis
753 1397 993 1470 reservavimus
1021 1418 1097 1472 eum
1120 1400 1238 1470 fetores
1271 1421 1386 1472 eorum
1409 1413 1443 1473 et
1466 1411 1624 1495 quantum
1647 1401 1741 1472 nobis

321 1528 400 1600 deus
423 1527 548 1600 dederit
584 1529 625 1600 de
658 1528 767 1623 ipsum
799 1527 889 1622 quod
920 1527 1068 1621 superius
1096 1525 1190 1598 nohis
1223 1527 1380 1599 seminare
1404 1525 1543 1598 statuisti
1566 1525 1739 1620 aliquando

316 1675 376 1724 nos
398 1652 571 1725 nominetis
595 1654 755 1747 germanis
779 1663 835 1724 eut
857 1653 912 1725 oui
942 1652 1024 1723 illud
1047 1651 1229 1723 dederimus
1263 1649 1379 1720 exinde
1413 1669 1549 1742 querere
1572 1671 1631 1740 per
1654 1647 1736 1720 nul-

313 1779 385 1850 lum
407 1779 554 1872 modum.
580 1787 612 1850 et
635 1803 697 1872 ego
719 1778 903 1850 nominatus
925 1777 1080 1870 iohannes
1104 1775 1221 1850 deboto
1245 1772 1404 1846 monacho
1419 1772 1509 1842 nullo
1524 1775 1624 1844 modo
1647 1795 1732 1866 pre·-

315 1897 445 1973 summo
467 1913 500 1972 te
522 1909 578 1973 aut
599 1903 736 1995 posteris
766 1903 817 1972 tui
843 1902 1073 1996 nominatoque
1100 1906 1211 1972 sancto
1246 1907 1279 1970 et
1313 1895 1489 1970 venerabili
1524 1903 1633 1966 vostro
1655 1919 1734 1967 mo-

314 2026 457 2098 nasterio
481 2026 656 2120 aliquando
686 2049 825 2121 querere
855 2051 917 2120 pro
947 2027 1019 2098 euri
1061 2027 1181 2100 solidos
1204 2037 1344 2120 quotuor
1366 2022 1546 2116 bytianteos
1569 2043 1634 2114 que
1657 2021 1738 2090 milri

314 2149 392 2220 dure
415 2147 588 2241 spopondit
611 2149 763 2218 dominus
778 2149 966 2220 benedictus
989 2171 1170 2244 ygumenus
1197 2157 1378 2219 antecessor
1392 2156 1468 2216 tuus
1483 2167 1542 2239 per
1558 2141 1737 2216 chartulam

312 2294 374 2364 pro
396 2271 466 2365 ipsu
490 2271 587 2345 bacca
609 2295 669 2366 per
690 2273 818 2346 nullum
848 2273 985 2344 modum
1007 2294 1068 2345 neo
1098 2295 1158 2366 per
1180 2271 1359 2344 summissis
1382 2271 1543 2362 personis.
1580 2269 1665 2352 Quia
1688 2269 1734 2342 ito

311 2396 406 2468 nobis
429 2396 631 2491 complacuit
664 2395 700 2466 Si
732 2405 841 2464 eutem
864 2413 924 2461 nos
947 2400 1004 2460 aut
1025 2391 1161 2458 heredes
1184 2395 1303 2458 nostns
1335 2415 1377 2461 ex
1400 2392 1452 2460 lris
1487 2393 1641 2462 omnibus
1664 2415 1732 2462 no-

312 2523 440 2596 minatis
473 2531 512 2593 ut
545 2541 643 2616 super
674 2519 795 2612 legitur
826 2517 920 2586 aliter
955 2535 1051 2608 cgere
1082 2515 1372 2608 presumpserimus
1402 2527 1436 2588 et
1463 2516 1599 2590 minime
1623 2519 1729 2590 edim-

310 2651 506 2746 plevsrimus
538 2649 600 2720 heo
632 2646 743 2719 omnia
774 2645 940 2718 nominata
973 2651 1006 2714 et
1040 2641 1077 2715 in
1102 2641 1227 2738 aliquid
1261 2644 1489 2716 offenderimus
1518 2668 1577 2739 per
1610 2643 1727 2740 quovis

310 2783 448 2854 modum
471 2788 528 2848 aut
550 2775 726 2848 summissis
749 2773 895 2868 personis
917 2771 995 2844 tuiro
1017 2771 1331 2866 componimustilri
1354 2773 1556 2869 posterisque
1584 2775 1633 2844 tui
1661 2795 1729 2843 no-

313 2909 510 3002 minatoque·
536 2910 646 2976 sancto
667 2909 777 2975 vestro
799 2902 996 2974 monasterio
1018 2901 1091 2973 auri
1113 2898 1234 2974 solidos
1258 2901 1390 2995 triginta
1413 2925 1472 2976 sex
1494 2901 1676 2996 bytiunteos
1700 2909 1734 2972 et

262 3021 267 3030 “
309 3032 372 3102 lrec
396 3029 541 3103 chartula
563 3026 713 3125 qualiter
736 3031 878 3102 continet
900 3033 942 3102 sit
965 3031 1084 3102 firma:
1119 3029 1237 3125 scripta
1268 3051 1328 3124 per
1352 3049 1469 3100 manus
1500 3025 1635 3100 iohanni
1664 3027 1737 3098 Cu-

311 3155 400 3228 rialis
421 3177 481 3249 per
502 3151 678 3226 indictione
700 3152 865 3226 nominata
889 3155 1080 3228 duodecima
1102 3156 1134 3250 †

407 3280 470 3352 hoc
493 3281 622 3372 signum
644 3303 758 3352 munus
784 3281 941 3352 nominati
974 3279 1124 3353 iohannis
1158 3280 1278 3352 deltoto
1312 3281 1474 3351 monaelro
1497 3285 1647 3374 et.petro
1671 3297 1730 3349 seu

311 3404 434 3476 cesario
456 3404 637 3500 genitorem
659 3414 693 3478 et
714 3403 789 3480 filiis
813 3406 904 3500 quod
934 3427 996 3499 ego
1019 3405 1078 3501 qui
1096 3403 1284 3476 nommetur
1310 3402 1351 3474 eb
1375 3404 1422 3473 eis
1444 3411 1578 3494 rogetus
1600 3419 1662 3493 pro
1686 3399 1732 3471 eis

311 3529 483 3626 urbscupsi
504 3529 536 3625 †

406 3655 437 3752 †
461 3659 531 3752 Ego
554 3658 695 3728 stefanus
718 3655 805 3728 filius
828 3654 953 3728 domini
977 3653 1127 3725 iohannis
1149 3661 1284 3744 rogatus
1308 3675 1328 3720 u
1350 3647 1567 3744 suprascripto
1582 3631 1774 3724 ienitores··'

260 3853 262 3856 .
307 3795 343 3856 et
369 3781 444 3855 filiis
466 3781 539 3851 testi
561 3775 787 3870 subscripsi†
1347 3767 1353 3778 ’

406 3905 531 4000 †Ego
555 3902 724 4000 gregorius
752 3901 839 3973 lilius
862 3898 985 3972 domini
1007 3897 1156 3972 iohannis
1178 3902 1569 4000 rogetususuprescripto
1593 3902 1729 3978 ieuitore

312 4045 346 4106 et
368 4031 442 4103 filiis
464 4029 538 4101 testi
561 4023 734 4119 subscripsi
756 4023 788 4119 †
858 4061 861 4068 ·
1650 4027 1674 4124 .-

403 4161 434 4254 †
457 4159 527 4250 Ego
552 4155 725 4230 anastasius
749 4153 836 4226 lilius
850 4153 975 4229 domini
988 4153 1137 4226 iohannis
1159 4163 1291 4251 regatus
1308 4179 1328 4228 a
1343 4137 1561 4253 suprascripto
1585 4159 1729 4253 genitore

314 4300 347 4362 et
368 4287 442 4360 filiis
465 4283 537 4357 testi
560 4277 731 4374 subscripsi
754 4278 786 4376 †

409 4413 534 4508 †Ego
557 4411 713 4482 lohannes
737 4407 874 4481 Coriolis
897 4409 1064 4505 Complevi
1087 4417 1121 4479 et
1143 4407 1265 4482 absolvi
1288 4407 1340 4481 die
1364 4421 1396 4480 et
1420 4407 1594 4482 indictione
1617 4407 1729 4480 nomi-

313 4553 385 4614 nate
411 4539 598 4612 duodecima
621 4536 652 4629 †

914 4791 1158 4834 *ΗΜ-
