4876 6532
751 709 755 718 .
876 649 1023 770 (¹⁰3)

879 937 987 1010 ,cp

326 1195 419 1292 †ln
442 1193 575 1268 nomino
590 1193 715 1268 domiui
734 1193 787 1266 dei
803 1191 979 1266 salvatoris
995 1192 1097 1264 nostri
1127 1190 1223 1263 ihesu
1250 1187 1372 1260 Christi
1395 1189 1574 1284 Imperante
1598 1197 1659 1267 do·
1732 1213 1785 1258 an.

234 1324 322 1398 mino
337 1331 447 1396 nosue
461 1341 598 1392 romano
612 1341 732 1414 magno
747 1319 944 1413 Imperatore
959 1339 1044 1388 anuo
1060 1316 1176 1388 octabu
1190 1315 1328 1388 docimo.
1343 1315 1400 1386 sed
1415 1325 1448 1386 et
1461 1313 1574 1386 basilio
1586 1340 1659 1388 ma-
1708 1325 1795 1386 963.

235 1471 299 1546 gno
313 1449 509 1543 imperatore
524 1446 595 1518 eius
610 1445 679 1518 iilio
694 1467 780 1516 anno
796 1443 981 1518 cerdania
1002 1441 1155 1514 vicesima
1171 1443 1276 1538 prima
1291 1443 1410 1514 mensis
1423 1439 1579 1516 februarii
1602 1443 1661 1514 in·
1737 1517 1738 1520 ,

236 1573 374 1648 dictiom
408 1580 500 1644 senta
530 1570 665 1665 neapoli.
681 1571 786 1642 Horta
809 1579 858 1641 est
878 1568 989 1664 itaque
1012 1565 1148 1638 intentio
1172 1567 1333 1638 interme
1357 1565 1530 1639 iohannem
1551 1567 1658 1638 filium

234 1702 399 1796 qnondam
419 1700 519 1795 sergii
541 1700 601 1794 qui
623 1723 721 1794 supra
744 1721 864 1772 nomeu
887 1721 963 1769 caea
991 1697 1028 1768 in
1042 1707 1143 1768 'santo
1165 1717 1226 1789 pro
1248 1695 1322 1767 vica
1345 1694 1476 1788 mogalu
1498 1695 1538 1766 de
1561 1697 1657 1768 cine-

234 1831 302 1923 gia.
330 1840 363 1901 et
387 1838 420 1900 te
444 1829 595 1902 videlicet
618 1829 752 1900 dominc
771 1829 885 1922 ‘sergio
907 1825 1084 1898 venerabili
1100 1827 1255 1919 igumeno
1268 1823 1456 1895 monasterii
1471 1831 1657 1898 sauctorum
1775 1841 1777 1845 ·

234 1955 334 2048 sergii
357 1963 391 2028 et
411 1953 523 2028 baschi
546 1955 605 2050 qui
627 1978 715 2030 nunc
738 1963 953 2049 congregatus
975 1975 1009 2026 es
1028 1949 1064 2024 in
1080 1953 1275 2026 monnesio
1299 1961 1485 2022 sanctorum
1508 1952 1659 2024 theudori

235 2081 463 2154 etsebestiani
487 2081 545 2176 qut
568 2079 748 2176 appellatur
772 2081 930 2175 cesapicte
945 2081 1044 2152 situm
1064 2080 1099 2150 in
1114 2077 1285 2151 viridario.
1306 2079 1357 2149 Da
1374 2077 1543 2171 questione
1559 2100 1660 2173 quam

237 2206 323 2298 apud
346 2215 379 2276 te
401 2207 507 2280 iecere
530 2207 728 2278 visusvsum.
753 2217 885 2302 propter
908 2217 994 2278 terra
1018 2207 1121 2277 bacua
1152 2204 1211 2276 ubi
1238 2203 1330 2298 prius
1354 2205 1489 2276 domum
1512 2205 1575 2275 fuit
1598 2205 1660 2276 sita

237 2333 324 2405 intus
347 2333 505 2406 &uncto
519 2345 626 2405 cestro
642 2335 828 2407 inccuiano.
847 2335 1020 2406 coherente
1034 2335 1096 2404 sivi
1112 2334 1176 2404 hob
1193 2355 1261 2406 une
1276 2333 1376 2404 latere
1392 2340 1485 2426 purte
1501 2330 1659 2404 horientis

238 2468 323 2530 terra
346 2457 450 2530 hacne
472 2459 560 2530 nude
583 2459 668 2530 inter
691 2459 786 2529 nobis
809 2459 1023 2531 intentionem
1057 2459 1215 2531 babemus
1249 2456 1345 2530 sicuti
1368 2457 1455 2530 iuter
1484 2477 1520 2530 se
1543 2456 1661 2550 parieti
1719 2519 1725 2526 .

239 2587 382 2660 armata
408 2594 507 2658 etex
530 2583 596 2656 ulio
618 2583 718 2656 latare
741 2593 833 2677 parte
856 2585 1056 2656 hoccidentis
1079 2594 1112 2655 et
1127 2587 1168 2657 de
1186 2605 1253 2656 uno
1268 2585 1374 2679 capite
1397 2593 1490 2678 parte
1512 2593 1662 2678 septem-

238 2709 374 2805 ptrionis
396 2719 484 2781 terra
507 2731 580 2780 mea
603 2707 706 2778 bacun
740 2701 800 2804 qui
834 2709 897 2778 suit
928 2709 1262 2804 memorate‘megoiu
1286 2711 1327 2783 de
1351 2709 1491 2805 cinegia.
1510 2698 1565 2780 'ut
1588 2711 1662 2782 finit

237 2835 322 2906 iuter
344 2853 380 2906 sc
402 2831 540 2904 mrmine
562 2855 662 2928 quem
675 2831 827 2927 posuistis
842 2857 861 2903 a
875 2842 966 2927 parte
989 2833 1146 2904 horientis
1169 2855 1280 2906 mcum
1296 2835 1331 2908 in
1347 2847 1438 2930 parte
1461 2834 1662 2908 hoccidentis

237 2959 273 3030 in
295 2959 438 3030 secundo
461 2958 598 3032 termine
632 2958 672 3028 ab
704 2959 775 3053 ipso
806 2960 948 3032 seeundo
972 2960 1109 3029 termine
1136 2960 1284 3032 advolvit
1306 2961 1342 3030 in
1366 2968 1457 3052 perte
1471 2958 1662 3030 meridiana

239 3085 272 3158 in
295 3052 440 3159 meum
462 3085 620 3179 parietem
642 3085 699 3156 ubi
722 3085 784 3156 init
806 3085 906 3180 regia.
930 3110 949 3154 a
972 3083 1152 3156 meridiana
1177 3107 1311 3180 quoque
1335 3095 1461 3179 partem
1484 3092 1572 3156 terre
1596 3109 1663 3158 ve·

239 3223 304 3284 stra
326 3213 430 3288 bacun
452 3216 537 3286 unde
561 3214 654 3286 vobis
676 3214 743 3285 iam
766 3213 937 3288 securitate
961 3212 1067 3306 posui.
1091 3214 1142 3284 De
1158 3237 1224 3307 que
1247 3212 1375 3284 dicebat
1397 3235 1473 3306 pars
1493 3235 1566 3286 mea
1583 3216 1662 3308 quia

239 3353 417 3414 memorata
441 3351 526 3415 terra
549 3343 645 3440 nenti
668 3342 818 3437 superins
840 3365 878 3413 ea
901 3341 1171 3436 excgregevimus
1194 3341 1256 3414 init
1278 3340 1380 3432 ipsius
1402 3341 1534 3432 mogalu
1550 3343 1590 3412 de
1607 3341 1662 3410 oi-

241 3467 334 3560 negia
356 3467 412 3537 cui
436 3491 455 3536 a
478 3465 549 3538 vico
572 3489 635 3560 ego
658 3466 780 3538 havere
803 3466 925 3538 videor.
950 3489 1025 3568 pars
1048 3473 1165 3544 autem,
1180 3473 1288 3536 vestra
1305 3463 1467 3536 asserebat
1482 3472 1520 3534 ut
1536 3485 1663 3534 memo·

242 3606 309 3666 rata
333 3605 420 3666 terra
443 3594 538 3666 sicuti
561 3594 709 3686 superius
724 3617 762 3666 ea
777 3595 1046 3686 exegregavimus
1057 3593 1193 3686 propria
1208 3615 1277 3664 esse
1292 3594 1333 3665 de
1347 3599 1531 3664 memorato
1548 3604 1659 3664 sancto

243 3731 350 3788 vestro
372 3717 569 3788 monasterio
592 3727 625 3788 et
648 3740 748 3814 quam
772 3741 832 3810 vos
855 3742 955 3812 quam
979 3739 1053 3812 pars
1077 3716 1179 3812 ipsius
1203 3717 1303 3788 vestri
1332 3717 1521 3804 monasterii
1544 3740 1582 3787 eu
1607 3727 1663 3789 te-

242 3841 382 3914 nuistitis
406 3849 439 3912 et
463 3841 678 3913 dominastitis
700 3865 759 3936 per
782 3827 996 3936 quadraginta
1019 3865 1120 3922 annos
1144 3851 1177 3914 et
1200 3851 1380 3913 memorata
1403 3842 1533 3935 megaiu
1550 3842 1591 3912 de
1608 3842 1663 3912 ci-

244 3969 337 4062 negia
359 3989 420 4040 nec
443 3968 573 4062 genitor
596 3969 666 4040 eius
689 3967 811 4039 ibidem
832 3968 969 4040 minime
992 3968 1178 4040 habuissent
1201 3967 1455 4040 dominationem
1476 3967 1559 4038 infra
1573 3967 1662 4064 bua-

243 4095 424 4192 dregintom
447 4118 559 4167 annos.
578 4096 616 4166 ln
632 4095 696 4194 boo
709 4094 889 4166 iudicatum
905 4105 954 4167 est
970 4096 1054 4166 inter
1070 4095 1164 4166 nobis
1178 4105 1216 4166 ut
1235 4097 1276 4166 de
1291 4117 1350 4166 sex
1364 4095 1531 4168 monachis
1547 4099 1662 4168 vestris

242 4227 346 4321 qualis
369 4247 433 4318 ego
457 4225 581 4312 eiixero
605 4247 708 4296 unum
731 4247 774 4296 ex
798 4225 845 4296 eis
867 4225 963 4320 quale
986 4224 1079 4298 vobis
1102 4224 1260 4318 placueris
1282 4223 1366 4296 mihi
1390 4224 1524 4317 prebere
1547 4247 1661 4296 sacra-

243 4362 390 4431 mentum
413 4350 556 4424 dicentes
577 4348 660 4420 mibi
683 4325 823 4444 qualiter
846 4351 995 4444 superius
1018 4351 1195 4422 abeuntis
1215 4371 1278 4442 ego
1292 4357 1399 4420 autern
1424 4371 1545 4442 ponere
1568 4351 1662 4422 vobis

243 4479 360 4551 exinde
382 4477 576 4550 mountatea
601 4499 688 4548 nunc
712 4485 821 4546 auum
836 4476 872 4546 in
888 4477 1028 4569 presenti
1044 4476 1151 4569 recepi
1167 4501 1186 4544 a
1202 4497 1338 4568 parsum
1354 4499 1397 4546 ex
1412 4475 1485 4568 ipso
1499 4479 1660 4550 monacho

242 4615 350 4676 vestro
373 4611 591 4673 memoratum
614 4608 849 4670 sacramentum
873 4609 907 4670 et
930 4598 1061 4670 definivi
1090 4597 1207 4670 exinde
1241 4597 1410 4670 vobiscum
1433 4599 1467 4670 in
1493 4601 1656 4687 omnibus.

245 4739 276 4801 et
298 4751 406 4824 neque
429 4753 449 4798 a
471 4749 525 4800 me
548 4741 730 4798 memorato
751 4726 891 4798 iohanne
923 4748 1030 4820 neque
1054 4752 1073 4796 o
1098 4725 1179 4796 meis
1202 4725 1376 4798 heredibus
1399 4728 1490 4801 nullo
1516 4737 1659 4822 tempore

243 4873 303 4945 pro
325 4859 505 4926 memorata
529 4860 615 4922 terra
637 4849 740 4922 baem
772 4848 830 4920 ubi
854 4850 944 4942 prius
968 4851 1102 4922 domurn
1126 4849 1188 4920 iuit
1210 4850 1271 4922 sita
1296 4853 1384 4923 intus
1406 4852 1477 4946 ipso
1502 4853 1658 4925 &uncto

246 4987 348 5050 oasuo
371 4975 540 5050 lucculano
562 4975 658 5050 sicuti
681 4973 829 5071 superius
851 4997 890 5046 ca
912 4977 1128 5070 exegregastis
1142 4976 1228 5052 unda
1254 4999 1340 5052 nunc
1354 4978 1522 5050 vobiscum
1546 4997 1659 5050 sacra-
