4854 6528
1256 715 1260 724 ,
1366 659 1510 757 (ιιι)

726 827 824 903 rninis
846 851 884 902 ou
908 829 1091 919 eegregat
1113 827 1146 894 et
1169 819 1264 892 sicuti
1294 813 1591 916 per'memoratum
1624 818 1755 912 passum
1787 821 1985 889 mensuratus
2014 824 2048 891 et
2069 819 2153 894 sicut

727 954 875 1051 superius
905 951 1024 1046 legitur
1047 948 1083 1019 in
1105 947 1260 1042 presentis
1284 969 1304 1016 n
1326 944 1420 1016 nobis
1441 943 1512 1020 ,tibi
1542 943 1585 1014 sit
1614 942 1814 1015 renundatus
1847 949 1880 1014 et
1901 943 2037 1017 traditos
2057 954 2093 1020 et
2115 947 2151 1021 in

727 1089 785 1151 tun
808 1079 938 1174 tuisque
959 1071 1133 1146 heredibus
1155 1069 1197 1141 sit
1220 1077 1377 1164 potestate
1401 1067 1561 1163 quidquid
1586 1067 1704 1138 exinde
1729 1066 1834 1139 inccre
1856 1065 2064 1168 iudicareque
2087 1093 2154 1145 vo.

726 1205 852 1280 lueritis
875 1225 1002 1298 semper
1024 1201 1160 1274 liveram
1190 1197 1226 1270 in
1257 1195 1408 1269 omnibus
1430 1192 1564 1266 ar'vitrio
1592 1192 1736 1266 habeatis
1771 1201 1952 1288 potestate:
1988 1205 2022 1268 et
2044 1219 2150 1296 nequo

730 1355 749 1401 a
772 1326 866 1400 nobis
889 1334 1067 1400 memorato
1089 1323 1193 1393 cicino
1217 1328 1250 1392 et
1273 1316 1498 1413 prenominato
1520 1317 1599 1412 lupo
1619 1319 1780 1413 germanis
1803 1317 1879 1392 cum
1895 1320 2064 1397 uoluntuto
2079 1347 2149 1398 no·

729 1463 794 1528 stre
817 1454 1007 1548 coniugibus
1030 1455 1139 1519 nostre
1160 1465 1267 1538 neque
1291 1467 1311 1512 a
1332 1442 1449 1514 nostris
1472 1442 1643 1517 heredibus
1663 1469 1723 1518 nec
1739 1470 1759 1518 s
1774 1446 1868 1520 uobis
1890 1451 2037 1543 personis
2052 1475 2149 1526 surn-

728 1579 833 1652 missis
856 1574 946 1646 nullo
969 1581 1115 1668 tempore
1139 1589 1320 1664 numquam
1342 1577 1380 1643 tu
1402 1577 1583 1641 memorato
1618 1571 1750 1644 domino
1780 1572 1933 1668 gregorio
1963 1577 2143 1652 venerabili

729 1701 918 1799 presbytero
939 1703 973 1767 et
994 1694 1120 1767 medico
1143 1702 1200 1765 out
1223 1693 1357 1766 heredes
1379 1694 1444 1766 tuis
1459 1693 1601 1766 habeatis
1623 1695 1742 1767 exinde
1764 1719 1971 1794 quacumque
1995 1701 2143 1799 requisi-

729 1807 818 1895 tione
841 1830 898 1892 aut
921 1815 1067 1889 molestia
1090 1841 1149 1912 per
1172 1816 1298 1888 nullum
1321 1817 1457 1889 modum
1479 1840 1540 1889 nec
1564 1841 1623 1912 per
1645 1819 1822 1894 summissis
1846 1821 1992 1915 personis
2015 1824 2051 1896 in
2066 1849 2153 1920 per-

730 1957 890 2044 petuum:
923 1945 1057 2038 insuper
1089 1943 1180 2014 omni
1209 1953 1355 2038 tempore
1382 1967 1442 2014 nos
1465 1953 1499 2016 et
1521 1945 1655 2018 heredes
1679 1946 1797 2018 nostris
1820 1921 2013 2022 memoratas
2036 1953 2145 2028 ombus

729 2079 829 2145 terras
852 2077 976 2142 nostras
1000 2089 1081 2164 quas
1104 2090 1163 2140 nos
1186 2067 1245 2140 tibi
1267 2067 1524 2142 venundedimus
1555 2079 1594 2144 ut
1624 2095 1721 2166 super
1749 2072 1869 2166 legitur
1891 2097 1967 2149 curn
1999 2079 2149 2154 omnibus

729 2198 776 2270 eis
799 2195 1031 2292 pertinentibus
1054 2217 1095 2269 nv
1118 2195 1223 2267 omnis
1245 2193 1393 2267 homiues
1416 2194 1571 2289 omnique
1594 2195 1738 2288 personis
1754 2197 1790 2268 in
1813 2197 1964 2270 omnihus
1987 2199 2046 2274 tiri
2062 2203 2150 2275 tuis-

729 2345 794 2417 que
817 2319 987 2392 heredibus
1011 2327 1167 2392 antestare
1190 2327 1223 2392 et
1246 2317 1411 2392 defensore
1434 2311 1657 2414 promictimus
1681 2317 1826 2415 ubsque:
1862 2325 1952 2398 omni
1975 2337 2030 2398 tua
2053 2335 2086 2400 et
2111 2329 2152 2402 (ιθ

729 2450 794 2522 tuis
817 2449 988 2523 heredibus
1010 2447 1155 2544 qualibet
1189 2445 1395 2519 damnietate.
1429 2469 1490 2540 pro
1518 2469 1559 2520 eo
1594 2447 1684 2540 quod
1716 2448 1751 2519 in
1780 2451 1935 2544 presentis
1965 2456 2150 2550 accepimus

731 2605 749 2651 e
773 2587 805 2650 te
828 2577 944 2650 exindo
967 2573 1040 2647 euri
1062 2571 1182 2644 solidos
1205 2572 1317 2645 decem
1339 2570 1543 2667 bythianteos
1573 2573 1657 2648 sicut
1680 2573 1765 2644 inter
1787 2575 1880 2649 nobis
1912 2577 2091 2653 coubenit:
2118 2583 2153 2656 Su

730 2715 837 2780 nutem
860 2727 919 2776 nos
942 2701 996 2776 vel
1021 2700 1155 2773 heredes
1179 2699 1297 2774 nostris
1331 2699 1448 2796 quobis
1476 2708 1622 2796 tempore
1645 2709 1757 2773 contra
1779 2703 1864 2774 banc
1888 2704 2034 2779 chartule
2067 2733 2152 2784 ren-

729 2833 858 2908 ditionis
880 2839 919 2904 ut
941 2851 1040 2924 super
1062 2828 1181 2924 legitur
1217 2827 1328 2898 benire
1363 2827 1630 2922 presumserimus
1661 2837 1694 2900 ot
1716 2829 1851 2904 minime
1885 2833 2148 2930 utinplererimus

730 2961 792 3036 bec
815 2959 924 3033 omnia
946 2965 1123 3030 memoratu
1138 2979 1196 3050 per
1213 2955 1359 3052 quolibet
1381 2957 1516 3028 modum
1532 2963 1588 3026 out
1601 2955 1777 3030 summissis
1792 2961 1937 3054 personis
1960 2971 2039 3037 tuuc
2054 2987 2151 3039 corn.

731 3089 882 3186 ponimus
905 3084 965 3157 tibi
987 3081 1117 3180 tuisque
1137 3081 1312 3156 heredibus
1335 3083 1407 3154 nuri
1430 3081 1551 3155 solidos
1566 3083 1684 3178 viginti
1699 3083 1902 3180 bytbianteos
1921 3099 1954 3162 et
1969 3089 2030 3164 hec
2045 3091 2147 3166 char-

730 3215 801 3290 tuiu
823 3212 1016 3288 venditionis
1039 3220 1076 3282 ut
1098 3233 1195 3306 super
1217 3211 1337 3305 legitur
1356 3209 1398 3282 sit
1414 3209 1507 3287 firma
1523 3234 1533 3280 ε
1557 3209 1676 3305 scriptu
1689 3235 1749 3307 per
1772 3235 1904 3288 manum
1919 3219 2003 3311 peni
2019 3219 2151 3296 cunulis

732 3341 872 3416 scribere
895 3347 1027 3436 rogatus
1050 3361 1109 3434 per
1131 3316 1307 3410 indictione
1330 3346 1509 3410 memoratu
1533 3337 1669 3410 boctnbu
1694 3337 1725 3433 †

826 3471 889 3542 hoo
911 3470 1042 3565 signum
1065 3466 1097 3563 †
1120 3486 1233 3538 munus
1257 3463 1429 3536 memorati
1451 3465 1559 3538 cicini.
1587 3465 1717 3560 signum
1740 3466 1772 3563 †
1795 3491 1909 3544 munus
1933 3475 2148 3568 prenominati

731 3595 803 3690 lupi
819 3593 983 3690 germanis
1006 3591 1135 3685 signum
1151 3588 1183 3686 †
1197 3609 1312 3660 manus
1336 3594 1514 3659 memorate
1538 3587 1731 3684 coningibus
1756 3614 1871 3664 corum
1895 3595 1984 3688 quod
2006 3587 2152 3693 cgo'qni

729 3733 926 3798 memoratos
955 3721 997 3792 nb
1021 3718 1068 3792 eis
1090 3717 1215 3813 rogitus
1237 3737 1298 3811 pro
1321 3713 1368 3786 cis
1390 3713 1565 3810 subscripsi
1594 3725 1627 3788 ct
1649 3727 1846 3791 memoratos
1868 3721 1988 3794 solidos
2011 3721 2149 3798 uuditos

731 3846 799 3948 nu
822 3848 855 3943 ι

825 3967 942 4062 †ogo
965 3969 1109 4042 marinus
1132 3968 1217 4041 filius
1240 3971 1364 4042 domini
1388 3969 1537 4042 iohannis
1561 3971 1693 4062 proiecti
1717 3981 1849 4067 rogatus
1874 4001 1893 4047 ι
1916 3974 2146 4070 suprascriptos

731 4093 853 4190 iugules
876 4094 949 4165 testi
972 4092 1145 4185 subscripsi
1169 4103 1203 4165 et
1224 4093 1457 4185 suprascriptos
1480 4093 1598 4164 solidos
1622 4097 1756 4168 traditos
1779 4099 1848 4170 bidi
1872 4100 1905 4198 †

826 4219 970 4316 †EFO
987 4225 1276 4292 ΑΝΑΟΤΑΕΙΟἹῸ
1297 4226 1472 4293 othlone
1494 4229 1557 4292 ΔΝ
1591 4229 1726 4296 ΠΕΤΡΙ
1760 4234 1987 4303 POPATOTC
2011 4239 2041 4304 A
2073 4237 2153 4304 TAC

729 4353 943 4420 rorrnnnc
958 4349 1083 4418 nscnu
1093 4317 1206 4416 ἶοῖιι
1228 4347 1288 4414 ne
1312 4352 1443 4416 conon
1467 4350 1630 4416 cosmo
1654 4353 1868 4421 upsnuoc
1891 4349 2035 4446 ιιιιιι]ι

824 4471 856 4568 †
879 4482 967 4547 Ero
990 4478 1043 4545 ΙΩ
1065 4477 1241 4544 umore
1265 4481 1326 4541 ΔΝ
1349 4477 1489 4544 CEPPII
1510 4481 1606 4545 ΜΟΝ
1621 4477 1848 4543 POI'ATOTG
1863 4481 1894 4547 A
1907 4485 2037 4548 OCTOC
2055 4483 2152 4549 lon·

728 4605 871 4672 runnu
893 4605 1018 4668 nucu
1045 4604 1155 4668 corn
1179 4603 1239 4670 uo
1262 4605 1392 4668 ueros
1414 4605 1601 4670 cosmon
1623 4605 1837 4672 unnnruoc
1860 4596 1998 4694 ιιιιιι]ι

824 4723 856 4817 †
879 4725 952 4818 ugo
974 4730 1085 4817 petrus
1108 4723 1244 4797 Coriolis
1268 4723 1435 4820 Complovi
1468 4733 1501 4798 et
1534 4723 1656 4799 absolvi
1687 4749 1746 4824 per
1773 4725 1948 4802 indictione
1971 4737 2149 4842 memoratu

728 4849 864 4925 boctaba
887 4851 926 4949 †
