4854 6528
893 609 1037 702 (soe)

773 857 784 876 ⁸
891 903 1056 974 cxcvur.

351 1163 383 1259 †
406 1163 443 1234 ln
466 1160 597 1233 nomine
620 1157 745 1231 domini
769 1157 822 1232 dei
845 1156 1013 1231 salvatoris
1037 1157 1139 1230 nostri
1154 1153 1251 1228 lhesu
1266 1153 1386 1228 Christi
1408 1151 1589 1248 inperante
1613 1159 1679 1232 do-
1743 1173 1801 1220 an.

247 1291 349 1363 mino
373 1297 485 1362 nostro
509 1285 624 1358 basilio
646 1309 766 1380 magno
789 1285 987 1379 Imperatore
1011 1307 1096 1356 anno
1121 1259 1330 1356 duodecim'o.
1354 1285 1411 1358 sed
1426 1290 1459 1355 et
1479 1285 1680 1356 comtantino
1729 1288 1818 1350 971.

259 1439 381 1513 magno
404 1418 600 1510 imperatore
623 1415 722 1486 frater
744 1412 816 1486 eius
839 1435 924 1484 anno
948 1435 1045 1484 nono.
1069 1413 1129 1483 Die
1154 1412 1392 1486 oetabadecima
1414 1414 1534 1486 mensis
1549 1414 1680 1487 decem·

257 1546 322 1618 brii
344 1544 517 1618 indictione
549 1543 788 1639 quintadecima
814 1531 963 1636 neapoli:
998 1540 1130 1612 Certum
1155 1551 1203 1614 est
1226 1564 1280 1613 mo
1303 1540 1493 1635 gregorium
1517 1541 1676 1616 humilem

255 1673 472 1770 presbiterum
498 1673 602 1746 lilium
626 1675 792 1771 quondam
815 1669 948 1743 iohanni
970 1669 1155 1766 syrrentini.
1182 1671 1213 1742 A
1236 1668 1377 1764 presenti
1396 1669 1448 1742 die
1463 1670 1681 1763 promtissima

257 1798 435 1871 volumtate
458 1799 615 1894 promitto
647 1797 741 1872 vobis
774 1795 909 1869 domino
941 1793 1076 1868 iohanni
1106 1793 1282 1868 venerabili
1308 1795 1462 1888 igumeno
1493 1797 1680 1866 monasterii

259 1932 444 1996 sanctorum
466 1925 564 2020 sergii
587 1933 620 1997 et
641 1922 753 1997 baschi
777 1924 836 2020 qni
860 1945 947 1994 nunc
970 1927 1182 2015 conffegatus
1207 1946 1242 1994 es
1265 1921 1300 1993 in
1329 1921 1524 1994 monasterio
1548 1931 1682 1992 sancto-

257 2073 335 2124 rum
358 2051 508 2126 theodori
533 2058 566 2124 et
588 2049 757 2124 sebastiani
780 2049 840 2146 qui
864 2048 1042 2146 appellatur
1065 2047 1223 2141 casapicta
1246 2047 1345 2120 situm
1368 2049 1402 2119 in
1418 2047 1585 2122 viridiario
1601 2071 1681 2120 san-

255 2189 371 2276 ctaque
395 2191 451 2253 tue
475 2181 732 2276 congregationis
735 2227 1150 2252 ..................
1180 2177 1281 2248 sancti
1305 2185 1338 2250 et
1360 2177 1553 2251 venerabilis
1577 2181 1679 2250 vestri

254 2304 453 2375 monasterii.
477 2313 610 2398 propter
632 2325 692 2374 sex
714 2302 825 2378 uncias
848 2313 971 2376 vostras
1006 2303 1047 2374 de
1069 2303 1218 2397 portione
1241 2303 1405 2400 quondam
1436 2301 1570 2376 iohanni
1599 2326 1681 2398 pre-

256 2427 368 2500 sbiteri
391 2429 450 2522 qni
473 2447 572 2522 supra
595 2449 715 2501 nomen
738 2426 1016 2520 pampasalbatum
1033 2429 1223 2502 deecclesia
1245 2429 1681 2507 vocabulosancteiuliancs

256 2552 318 2626 sita
342 2571 422 2624 vero
446 2551 482 2624 in
504 2552 638 2650 regione
668 2559 764 2649 porta
795 2551 897 2626 sancti
929 2551 1069 2624 ianuarii
1095 2575 1161 2624 una
1188 2579 1265 2627 cum
1287 2581 1346 2630 sex
1368 2557 1479 2629 uncias
1502 2564 1608 2640 vestra
1638 2579 1682 2628 ex

255 2677 326 2771 ipsa
350 2675 500 2772 portione
521 2699 582 2748 sua
607 2678 647 2750 do
669 2697 782 2751 omnes
804 2675 997 2750 snbstantias
1020 2676 1121 2772 ipsius
1144 2677 1296 2750 ecclesiae
1318 2681 1513 2774 pertinentes
1530 2681 1571 2754 de
1592 2679 1680 2752 intus

255 2813 292 2876 et
316 2803 398 2877 soris
421 2804 651 2902 omnibusque.
676 2804 723 2884 cis
745 2805 979 2902 pertinentibus
1001 2807 1060 2880 ubi
1083 2805 1217 2879 domino
1239 2809 1302 2880 deo
1325 2810 1455 2882 volente
1482 2789 1535 2880 me
1565 2817 1683 2880 custo·

259 2931 336 3004 dem
358 2931 511 3026 posuistis
534 2931 684 3004 omnibns
707 2932 775 3004 rite
797 2955 912 3007 meae:
947 2934 986 3004 ln
1016 2957 1057 3005 eo
1081 2933 1169 3006 enim
1191 2943 1305 3006 tenore
1327 2941 1366 3004 ut
1389 2956 1452 3028 ego
1474 2932 1596 3004 ibidem
1619 2955 1683 3006 su-

253 3057 461 3155 perbavitare
484 3067 517 3132 et
539 3061 681 3134 residere
704 3059 838 3134 debeam
854 3069 887 3135 et
902 3061 939 3132 in
955 3063 1069 3136 eadem
1090 3061 1224 3136 ecelesia
1246 3084 1379 3136 omnem
1402 3061 1547 3134 officium
1570 3083 1684 3134 sacer-

254 3189 398 3262 dotalem
431 3190 483 3263 die
515 3198 680 3286 noctuque
714 3192 821 3263 lacero
853 3199 888 3263 et
919 3192 1092 3287 adimplere
1121 3193 1277 3287 promitte
1300 3195 1364 3264 hoc
1388 3200 1436 3264 est
1461 3187 1622 3287 'bosporos
1652 3201 1686 3264 et

252 3313 434 3392 matutinos
457 3321 490 3385 et
511 3313 683 3387 missorum
705 3315 873 3390 sollemnia
897 3325 930 3388 et
943 3315 1035 3388 boris
1057 3316 1206 3388 laudibus
1222 3329 1255 3387 et
1270 3314 1521 3388 luminariorum
1543 3316 1683 3388 conom-

253 3437 387 3516 natione
410 3438 478 3512 sine
501 3461 594 3514 mora
617 3440 778 3516 celebrare
793 3449 826 3514 et
838 3440 970 3520 exibere
986 3439 1142 3538 promitto
1166 3449 1203 3512 ut
1219 3448 1297 3534 aput
1312 3441 1410 3512 deum
1425 3440 1682 3534 omnipotentem

250 3565 337 3640 mibi
362 3570 479 3642 mercis
508 3569 670 3642 adcrescat
702 3578 736 3643 et
766 3578 845 3666 aput
875 3570 1063 3644 bominibus
1085 3571 1164 3642 lans.
1195 3571 1329 3665 Insuper
1353 3568 1447 3642 vobis
1470 3543 1683 3666 posterisque.

255 3693 374 3766 vestris
397 3693 488 3765 omni
513 3717 620 3766 annuo
644 3695 761 3768 exinde
784 3698 861 3768 dare
885 3705 918 3768 et
941 3698 1082 3792 dirigere
1097 3696 1252 3790 promitto
1267 3695 1354 3770 intus
1377 3701 1558 3768 memorato
1574 3703 1684 3768 vestro

254 3817 455 3890 monasterio
479 3815 601 3894 oblatas
623 3819 715 3912 paria
745 3819 809 3890 dua
839 3839 944 3891 unum
977 3844 1037 3916 per
1067 3821 1233 3896 nativitate
1265 3821 1389 3896 domini
1420 3819 1520 3896 adum
1542 3844 1602 3916 per
1623 3844 1685 3894 re-

254 3943 457 4017 surrectione
479 3945 604 4018 domini
626 3945 758 4042 absque.
780 3947 871 4020 omni
893 3955 1001 4020 vestra
1024 3949 1284 4022 ammaricatione
1307 3951 1395 4022 nulla
1411 3949 1505 4024 vobis
1519 3948 1683 4020 mittentes

256 4068 518 4144 hononorem„
549 4071 598 4142 lta
628 4079 662 4143 et
692 4070 776 4165 ipsas
807 4093 863 4144 sex
892 4072 1004 4145 uncias
1031 4085 1154 4156 restas
1177 4101 1220 4148 ex
1242 4076 1311 4170 ipss
1334 4077 1484 4170 portione
1510 4073 1684 4146 memorati

250 4199 389 4275 iohanni
422 4198 591 4296 presbiteri
619 4220 662 4269 ex
685 4195 755 4290 ipsa
777 4195 910 4268 ecclesia
933 4205 967 4268 et
990 4199 1030 4270 de
1059 4199 1210 4272 omnibus
1237 4200 1424 4274 memoratis
1446 4223 1489 4274 cx
1513 4224 1552 4272 ea
1575 4200 1687 4296 perti-

253 4337 370 4402 nentes
392 4337 431 4402 nt
453 4351 551 4426 snper
575 4325 695 4422 legitur
717 4326 754 4398 in
776 4347 848 4401 mea
871 4325 913 4396 sit
929 4335 1086 4420 potestate
1108 4329 1174 4404 vite
1188 4351 1281 4404 meae
1295 4327 1425 4400 tenendi
1448 4335 1481 4400 et
1497 4326 1684 4404 dominandi

254 4475 316 4528 seu
339 4453 513 4550 bugiandi.
538 4465 571 4527 et
585 4452 770 4534 nullatenus
792 4453 1019 4544 presummetis
1042 4477 1101 4526 vos
1120 4464 1177 4526 aut
1190 4453 1326 4549 posteris
1350 4451 1465 4525 vesnia
1480 4475 1541 4532 nec
1556 4473 1685 4524 memo-

254 4589 332 4652 rato
364 4590 475 4654 saneto
509 4591 542 4654 et
569 4578 746 4654 venerabili
778 4589 887 4653 vestro
914 4581 1110 4654 monasterio
1134 4581 1201 4652 rito
1230 4602 1322 4652 meae
1346 4579 1463 4654 exinde
1486 4601 1540 4652 me
1564 4580 1686 4654 iactare

258 4721 318 4784 aut
340 4731 438 4804 super
461 4733 516 4782 me
538 4709 682 4806 qualibet
704 4707 918 4802 presbiterum
940 4710 994 4782 vel
1017 4709 1171 4782 ebrinum
1194 4715 1250 4780 aut
1263 4707 1459 4780 monachum
1482 4707 1602 4782 ibidem
1616 4731 1683 4804 po-

256 4861 337 4912 nere
361 4847 418 4911 ant
444 4834 576 4932 aliquod
599 4857 642 4908 ex
665 4833 734 4930 ipsa
758 4832 890 4907 ecclesia
915 4861 934 4906 a
958 4841 1114 4932 potestate
1137 4859 1181 4910 ex
1196 4837 1265 4932 ipsa
1284 4836 1416 4908 ecclesia
1435 4835 1600 4914 subtraere
1617 4837 1684 4908 vite

255 4989 349 5045 meae
374 4975 448 5063 post
471 4973 582 5040 autem
604 4987 684 5038 vero
707 4987 819 5044 meum
844 4965 1015 5046 camisum
1038 4975 1233 5042 memoratas
1248 4987 1306 5040 sex
1328 4965 1439 5040 uncias
1463 4975 1584 5042 vestm
1606 4987 1685 5042 cum

503 5092 571 5166 Vol.
597 5093 647 5170 11.
1301 5102 1347 5166 27
