4854 6528
1394 672 1540 768 (nus)

759 839 977 914 obserbavcrit
999 836 1190 930 dispositum
1215 835 1362 931 eiusque.
1386 831 1558 904 heredibus
1583 841 1614 902 et
1638 829 1671 900 in
1695 835 1874 900 memorato
1898 831 2097 903 monasterio
2122 835 2194 906 anri

758 971 839 1040 libra
865 991 927 1036 nna
951 965 1157 1058 bythiuntea:
1192 971 1225 1034 ct
1257 961 1317 1032 hcc
1350 985 1460 1034 meum
1493 960 1682 1054 dispositum
1715 955 1854 1052 qualiter
1889 957 2035 1028 continet
2058 959 2191 1033 firmum

761 1100 944 1188 permanent
967 1089 1215 1181 imperpetuum.
1239 1086 1395 1180 scriptum
1418 1107 1549 1178 quoquc
1573 1106 1632 1174 per
1656 1103 1770 1153 munus
1794 1080 1928 1152 iohanni
1952 1082 2082 1159 curialis
2106 1089 2194 1159 seri.

762 1221 840 1292 bere
864 1217 977 1312 soguvi
1001 1239 1059 1308 per
1083 1213 1257 1286 indictione
1284 1221 1462 1284 memorata
1480 1209 1586 1301 primu
1609 1205 1640 1300 †

856 1345 929 1415 Hoc
952 1341 1081 1434 signum
1103 1334 1134 1429 †
1157 1356 1271 1406 munus
1295 1332 1463 1406 memorati
1487 1330 1633 1424 stephani
1657 1332 1746 1425 quud
1770 1353 1832 1426 ego
1855 1334 1914 1428 qui
1937 1345 2134 1410 memoratos
2148 1339 2190 1410 nb

765 1496 804 1545 ω
829 1471 953 1565 rogitus
977 1489 1037 1558 pro
1060 1485 1136 1534 cum
1159 1458 1334 1552 subscripsi
1358 1456 1389 1551 †

858 1592 974 1683 †ego
1005 1583 1145 1678 masuspi
1169 1582 1253 1656 iilius
1287 1583 1410 1656 domini
1447 1583 1584 1678 mnsnspi
1615 1593 1747 1686 cogntus
1771 1610 1790 1656 a
1817 1591 2032 1685 suprascripto
2064 1597 2188 1669 stefano

765 1720 835 1792 uui
859 1713 1032 1806 subscripsi
1051 1710 1082 1806 †

860 1846 976 1942 †eg0
1008 1845 1133 1937 sergius
1165 1844 1250 1944 filius
1282 1843 1404 1914 domiui
1436 1841 1573 1937 uligccni
1607 1842 1741 1938 prefecti
1773 1853 1903 1940 rogatus
1928 1873 1946 1918 a
1970 1851 2186 1946 suprascripto

765 1983 885 2052 steiano
909 1977 982 2048 testi
1005 1973 1178 2068 subscripsi
1203 1971 1234 2068 †

863 2104 894 2202 †
918 2125 980 2196 ego
1003 2101 1142 2172 suranus
1165 2097 1250 2168 filins
1275 2096 1399 2168 domini
1422 2097 1537 2171 sisinni
1561 2107 1693 2194 rogatus
1709 2121 1728 2172 n
1743 2097 1960 2195 suprascripto
1975 2102 2097 2174 sunno
2114 2105 2187 2176 usu

765 2227 937 2326 subscripsi
959 2225 991 2321 †

860 2359 891 2450 †
915 2353 985 2444 Ego
1008 2349 1163 2420 iohannes
1187 2346 1323 2418 Cnrialis
1346 2347 1512 2442 Cumplsvi
1536 2362 1568 2422 et
1591 2349 1713 2424 absolvi
1736 2373 1795 2444 per
1818 2351 1992 2426 indictione
2009 2361 2188 2427 memoratu

766 2485 868 2578 prima
893 2477 923 2570 †
1168 2479 1171 2484 ’
1451 2507 1453 2512 ’
