4854 6528
888 911 1072 982 CXXXVII.

369 1165 461 1261 †ln
484 1164 616 1240 nomine
639 1162 764 1238 domini
787 1164 840 1238 doi
863 1165 1031 1238 salvatoris
1054 1165 1157 1239 nostri
1172 1163 1268 1240 lhesu
1292 1163 1412 1239 Christi
1428 1169 1607 1264 lmperante
1631 1181 1698 1252 do-
1771 1201 1825 1248 en.

273 1294 365 1368 mino
401 1300 514 1366 nostro
547 1293 662 1408 basilio
693 1314 813 1384 magno
843 1293 1041 1388 Imperatore
1068 1317 1154 1367 anno
1178 1295 1317 1368 decimo.
1355 1299 1468 1372 sedet
1493 1305 1694 1376 constentino
1749 1307 1835 1374 970.

276 1445 396 1518 magno
431 1420 628 1514 imperatore
662 1417 763 1492 freter
794 1420 865 1493 eius
888 1443 973 1494 anno
995 1422 1144 1516 septimo.
1176 1424 1239 1497 Die
1262 1424 1416 1498 vicesima
1438 1426 1553 1523 quinta
1580 1433 1699 1506 mensis

274 1549 384 1622 martii
406 1545 582 1620 indictione
603 1543 698 1620 tertia
722 1545 847 1620 decima
869 1549 1006 1643 neapoli.
1031 1549 1165 1622 Certum
1187 1557 1236 1622 est
1258 1571 1312 1623 me
1334 1551 1463 1624 leonem
1484 1557 1698 1650 presbiterum

274 1677 380 1750 lilium
403 1673 569 1771 quondum
594 1675 681 1749 idem
703 1676 791 1749 leoni
814 1685 847 1748 et
870 1677 1035 1773 quondam
1051 1677 1144 1774 galde
1159 1677 1317 1772 iugalium
1338 1701 1550 1775 personarum
1580 1694 1696 1759 eusto-

277 1803 352 1876 dem
376 1801 456 1874 bero
479 1801 612 1875 eoelesie
635 1802 737 1874 saneti
760 1803 903 1876 adiutori
925 1805 966 1876 de
989 1803 1062 1878 loco
1085 1805 1145 1901 qui
1166 1815 1303 1878 vocatur
1331 1809 1594 1901 patrusohanum.
1629 1836 1694 1887 una

276 1953 352 2004 oum
375 1931 552 2004 volumtate
575 1932 696 2006 muriae
726 1932 810 2005 bene
838 1932 991 2008 serbieuti
1013 1955 1128 2006 meee:
1164 1935 1196 2006 A
1228 1937 1368 2029 presenti
1400 1937 1453 2009 die
1483 1939 1701 2033 promtissima

243 2139 246 2148 p
278 2057 457 2131 volumtate
479 2081 541 2152 pro
564 2057 690 2130 domini
713 2079 859 2132 ammore
891 2067 925 2131 et
956 2056 1163 2130 redemtionis
1191 2057 1296 2130 anime
1319 2081 1410 2134 meae
1433 2069 1471 2133 ut
1498 2072 1576 2156 aput
1605 2065 1704 2138 deum

278 2185 533 2283 omnipotentem
556 2183 710 2256 meritum
733 2185 857 2256 bonnm
880 2181 1039 2254 imbenire
1062 2181 1197 2256 baleam.
1220 2183 1331 2256 Ollero
1346 2193 1379 2258 et
1392 2188 1484 2259 trado
1516 2189 1609 2260 vobis
1633 2193 1702 2264 do-
1827 2209 1829 2215 ·

278 2313 369 2384 mino
391 2309 525 2384 iohanni
547 2309 726 2384 venerabili
748 2309 903 2406 igumeno
926 2310 1114 2384 monasterii
1136 2319 1319 2384 sanctorum
1345 2313 1443 2408 sergii
1459 2321 1491 2386 et
1515 2315 1626 2388 baschi
1641 2319 1699 2412 qui

279 2457 367 2506 nunc
399 2443 614 2528 congregatus
648 2454 683 2505 es
704 2431 739 2503 in
761 2433 960 2504 monasterio
991 2443 1175 2506 sanctorum
1205 2435 1354 2508 theodori
1384 2445 1417 2508 et
1439 2437 1608 2512 sebastiani
1642 2441 1703 2535 qui
1725 2530 1726 2534 Ἰ

280 2559 458 2658 appellatur
481 2559 639 2666 casapieta
661 2559 761 2634 situm
784 2559 820 2632 in
842 2558 999 2632 viridario
1023 2565 1063 2630 eb
1078 2581 1138 2652 per
1160 2583 1220 2632 vos
1245 2563 1280 2633 in
1303 2565 1418 2638 eodem
1441 2576 1552 2648 saneto
1575 2577 1608 2638 et
1635 2593 1700 2640 ve-

281 2688 417 2762 nerabili
439 2695 548 2760 vestro
571 2687 775 2760 monasterio.
808 2687 903 2758 lDest
925 2687 990 2761 dua
1012 2683 1123 2758 modia
1145 2693 1231 2762 terre
1254 2687 1330 2792 sibe
1344 2715 1403 2785 per
1426 2715 1535 2786 passos
1558 2703 1616 2766 aut
1642 2717 1700 2788 per

283 2837 480 2910 exagomum
502 2814 598 2908 quale
620 2814 714 2887 vobis
737 2813 896 2910 placueris
919 2837 1022 2888 unum
1045 2813 1126 2884 bero
1149 2816 1190 2886 de
1213 2816 1370 2889 olibetum
1393 2819 1498 2892 alium
1514 2827 1624 2890 sutem
1644 2842 1704 2890 ar-

283 2941 448 3012 bustatum
469 2939 600 3012 insimul
622 2940 680 3014 ubi
706 2963 760 3014 eas
782 2938 904 3033 eligere
926 2938 1102 3011 volueretis
1125 2939 1165 3010 de
1181 2961 1316 3011 omnem
1341 2963 1449 3012 meam
1470 2941 1648 3013 hereditate
1665 2943 1706 3012 de
1748 2994 1752 3004 ,

285 3067 359 3136 loeo
381 3065 440 3160 qui
462 3071 599 3138 vocatur
623 3086 746 3138 sessum
768 3063 934 3138 territorio
956 3062 1197 3160 cymmitirense
1219 3085 1377 3135 unacum
1392 3055 1563 3136 ausoribus
1584 3065 1703 3136 nuen-

286 3193 362 3264 leris
384 3191 438 3265 vel
460 3191 667 3264 infructiferis
699 3191 798 3264 simul
828 3214 905 3262 eum
927 3191 1076 3262 introitus
1104 3213 1178 3264 suas
1201 3171 1421 3285 {omnibusque
1445 3191 1491 3262 eis
1515 3191 1708 3283 generaliter

285 3317 527 3411 pertinentibus.
552 3318 601 3388 lle
624 3339 689 3411 qua
712 3315 794 3388 nihil
816 3315 899 3386 mihi
922 3338 965 3386 err
987 3313 1057 3406 ipsa
1080 3313 1145 3383 dua
1167 3313 1277 3382 modia
1294 3311 1447 3380 remansit
1462 3319 1517 3381 eut
1541 3313 1707 3384 reservavi

286 3467 348 3516 uec
369 3444 404 3515 in
430 3443 550 3517 alienas
572 3463 725 3538 personas
747 3441 896 3514 commisi
918 3446 1121 3535 potestatem.
1145 3436 1242 3508 etha
1265 3459 1352 3506 nune
1375 3443 1409 3508 et
1436 3437 1587 3530 deinceps
1610 3463 1630 3507 a
1655 3459 1712 3515 me

288 3573 382 3646 vobis
405 3585 438 3648 et
460 3597 520 3668 per
535 3595 594 3648 vos
609 3573 644 3646 in
660 3574 774 3646 eodem
789 3579 898 3643 sancto
910 3575 944 3641 et
959 3566 1136 3640 venerabili
1151 3573 1261 3672 vestro
1284 3563 1478 3636 monasterio
1494 3564 1559 3635 sint
1581 3565 1711 3636 offertus

289 3709 323 3772 et
345 3701 475 3773 traditas
497 3701 533 3772 in
555 3709 662 3774 vestra
683 3699 893 3794 posterisque.
916 3697 1032 3770 vestris
1055 3703 1301 3790 memoratoque
1334 3701 1444 3766 saneto
1471 3702 1505 3765 et
1533 3691 1712 3765 venerabili

288 3837 398 3898 vestro
419 3825 615 3897 monasterio
637 3826 701 3896 sint
724 3833 915 3919 potestatem
938 3823 1099 3918 quidquid
1122 3821 1239 3893 exinde
1258 3823 1363 3893 lacere
1385 3819 1554 3894 volueritis
1576 3841 1703 3914 semper

289 3950 425 4022 liberam
446 3948 589 4020 habeatis
604 3955 804 4042 potestatem.
829 3955 861 4018 et
875 3969 982 4041 neque
998 3972 1017 4016 a
1034 3968 1087 4016 me
1102 3955 1282 4018 memorato
1297 3945 1424 4017 leonem
1440 3944 1617 4038 presbitero
1634 3967 1710 4017 cum

291 4077 469 4150 volumtate
491 4081 670 4148 memorate
693 4073 814 4146 mariue
837 4073 989 4146 serbienti
1011 4096 1103 4144 meae
1127 4097 1233 4168 neque
1264 4098 1282 4143 a
1312 4072 1393 4142 meis
1422 4071 1594 4142 heredibus
1618 4071 1708 4141 nullo

292 4211 437 4296 tempore
459 4222 638 4295 numquam
661 4221 721 4272 vos
743 4207 941 4270 memoratus
965 4199 1116 4271 dominus
1139 4199 1292 4270 iohannes
1320 4195 1511 4269 venerabilis
1540 4197 1711 4290 igumenus

268 4313 270 4318 ¹
294 4339 350 4402 ant
371 4330 508 4426 posteris
530 4329 645 4403 vestris
679 4351 739 4400 nee
761 4335 960 4399 memoratus
986 4335 1113 4398 sanetus
1142 4337 1175 4400 et
1197 4325 1388 4399 venerabilis
1412 4324 1518 4394 bester
1545 4335 1714 4398 monaste-

295 4457 363 4530 rius
396 4457 485 4552 quod
517 4453 600 4525 absit
630 4453 774 4538 habeatis
806 4453 923 4524 exinde
957 4453 1130 4546 aliquando
1153 4473 1359 4544 quacumque
1382 4447 1627 4542 requisitionem
1660 4462 1717 4521 eut
1828 4529 1831 4535 ,

295 4582 442 4654 molestia
472 4603 530 4674 per
552 4579 679 4652 nullum
702 4579 836 4648 modurn
867 4600 927 4646 neo
950 4601 1009 4668 per
1031 4576 1209 4647 summissis
1240 4597 1392 4668 personas
1415 4575 1457 4645 ha
1481 4598 1567 4646 nune
1591 4585 1624 4648 et
1647 4580 1718 4648 im-

294 4708 460 4808 perpetuis
483 4707 693 4802 temporibus.
726 4707 860 4802 lnsuper
882 4704 1037 4798 promitto
1062 4704 1121 4774 tibi
1144 4712 1276 4798 propter
1298 4704 1423 4798 reliqua
1447 4727 1578 4776 omnem
1609 4729 1716 4780 meam

296 4837 510 4912 hereditatem
542 4857 585 4908 ex
616 4835 688 4930 ipso
720 4831 793 4903 loeo
825 4832 883 4925 qui
915 4841 1051 4902 vocatur
1082 4852 1205 4902 sussum
1238 4837 1276 4901 ut
1308 4831 1495 4926 siquidem
1523 4841 1616 4926 petro
1644 4833 1712 4904 lilio

299 4983 374 5032 meo
397 4959 515 5033 orierit
538 4959 606 5032 sine
630 4958 799 5054 proprium
822 4959 976 5031 heredem
1000 4958 1040 5031 de
1063 4981 1168 5029 uxore
1192 4970 1251 5028 sua
1275 4963 1352 5028 tuno
1381 4965 1561 5028 memorata
1592 4956 1717 5050 reliqua
