4876 6532
894 648 1014 746 (⁸⁵)

924 937 989 1012 xe

332 1185 423 1282 †1n
458 1185 592 1260 nomine
627 1185 755 1260 domini
786 1186 841 1262 dei
863 1185 1034 1260 salvatoris
1063 1188 1166 1264 nostri
1196 1186 1293 1262 Ihesu
1327 1189 1450 1264 Christi
1483 1191 1665 1290 imperante
1736 1207 1792 1256 ³1¹·
1852 1290 1855 1296 ι

243 1313 374 1388 domino
396 1329 511 1388 nostro
526 1314 739 1388 Comtantino
760 1335 881 1410 magno
903 1314 1101 1408 imperatore
1117 1337 1202 1387 anuo
1226 1315 1496 1411 quinquagesimo
1523 1323 1664 1394 secundo
1718 1317 1805 1382 9⁶⁰·

242 1441 298 1512 sed
320 1449 354 1513 et
377 1465 512 1514 romano
546 1463 666 1537 magno
689 1441 891 1536 Imperatore
914 1441 984 1516 eiras
1006 1442 1075 1514 tilio
1099 1465 1184 1516 auno
1211 1443 1453 1538 quintodecimo
1477 1421 1536 1518 die
1552 1446 1662 1538 prima

241 1563 359 1634 mensis
382 1565 465 1637 iunii
488 1565 661 1640 indictione
683 1565 777 1638 tertia
799 1565 953 1660 neapoli:
978 1566 1110 1640 Quum
1132 1576 1180 1638 ast
1203 1588 1256 1636 me
1279 1565 1372 1638 imno
1387 1567 1566 1660 presbitero
1591 1569 1662 1644 filio

239 1690 405 1782 quondam
427 1690 512 1785 petri
535 1690 593 1786 qui
630 1688 817 1762 nominatur
846 1688 987 1780 carangi.
1021 1696 1113 1760 emto
1145 1687 1278 1760 ecclesie
1305 1688 1407 1760 saneti
1434 1689 1519 1783 petri
1549 1690 1663 1766 christi

239 1811 377 1902 spostoli
410 1811 514 1906 posita
537 1813 576 1882 at'
599 1819 799 1906 paternum:
837 1839 857 1886 a
880 1811 1020 1908 presenti
1051 1812 1103 1886 die
1125 1811 1279 1906 promitto
1314 1811 1374 1882 tibi
1409 1812 1540 1884 domine
1573 1815 1661 1908 pitru

241 1931 377 2006 honesta
406 1935 526 2006 semina
558 1935 623 2008 filia
651 1937 816 2032 qnondam
846 1935 970 2008 domini
1004 1933 1158 2028 Kampuh
1190 1933 1303 2004 eonius
1338 1934 1503 2029 quondam
1539 1935 1663 2010 domini

178 2117 182 2126 .
238 2059 386 2152 stephani
409 2062 571 2134 monachi:
596 2073 728 2158 propter
752 2064 841 2158 quod
864 2073 976 2136 tome
999 2063 1166 2134 custodem
1189 2060 1341 2132 ordinasti
1363 2062 1490 2157 integra
1511 2063 1661 2158 portione

238 2187 293 2250 tue
317 2182 357 2252 de
380 2195 556 2254 memorata
570 2185 702 2256 occissis
717 2186 818 2256 sancti
832 2185 916 2279 petri
941 2177 1095 2258 unacum
1117 2185 1242 2279 integra
1265 2186 1415 2282 portione
1439 2197 1493 2257 tua
1518 2187 1557 2259 de
1582 2211 1662 2260 onr-

238 2303 333 2376 nihus
355 2303 451 2376 rebus
475 2319 508 2379 et
530 2306 758 2380 abitationihus
780 2331 839 2380 seu
862 2309 1046 2382 substantiis
1069 2311 1169 2404 ipsim
1195 2311 1279 2382 dicte
1303 2321 1478 2382 memorate
1501 2313 1658 2406 portionis

238 2445 294 2506 tue
315 2457 358 2504 ex
380 2433 450 2527 ipsa
472 2433 607 2504 ecclesia
629 2433 827 2528 pertinentes
852 2443 889 2504 ut
912 2433 1011 2504 totius
1035 2435 1102 2506 vite
1126 2457 1218 2506 meae
1249 2457 1311 2530 ego
1336 2436 1457 2509 ibidem
1480 2437 1602 2512 abitare
1625 2452 1658 2512 et

237 2561 378 2634 residere
401 2571 434 2632 et
457 2583 588 2633 omnem
622 2561 766 2634 officium
796 2559 1026 2632 sacerdotalem
1049 2561 1101 2633 die
1132 2573 1296 2660 noctuque
1324 2567 1430 2640 iacere
1454 2574 1486 2639 et
1519 2566 1555 2640 in
1588 2569 1658 2664 ipsa

239 2683 370 2758 ecclesia
394 2684 542 2756 edificare
565 2684 649 2756 sicu
671 2685 740 2778 ipsa
756 2683 903 2756 chartule
927 2705 999 2756 mea
1016 2684 1181 2760 eontinet:
1208 2709 1307 2784 quam
1319 2689 1402 2762 mihi
1417 2714 1483 2762 uua
1499 2699 1575 2766 cum
1591 2693 1661 2766 aliis

239 2812 412 2888 domuiniis
436 2837 476 2885 er
500 2813 570 2906 ipsa
585 2813 864 2886 ecclesiaiecistis.
887 2813 988 2910 idque
1010 2825 1044 2886 ct
1066 2815 1141 2888 indo
1163 2819 1353 2912 repromitto
1377 2821 1436 2892 tibi
1459 2830 1496 2894 ut
1519 2845 1590 2918 ego·
1605 2833 1659 2894 to·

237 2937 302 3010 tius
325 2939 393 3012 rite
415 2960 507 3009 meae
524 2935 582 3008 tibi
607 2938 738 3034 tuisque
761 2939 935 3012 heredibus
950 2941 1067 3013 exinde
1091 2943 1241 3016 atduoere
1263 2945 1435 3018 debeamus
1459 2949 1549 3020 omni
1578 2971 1663 3020 anno

236 3085 297 3158 pro
321 3063 486 3136 natibitate
509 3063 634 3136 donnini
657 3065 758 3136 nostri
782 3064 875 3138 ihesu
898 3063 1009 3136 christi
1025 3065 1147 3140 oblatas
1162 3067 1290 3163 parium
1305 3091 1409 3144 unum
1426 3081 1460 3144 et
1479 3072 1540 3144 ciri
1558 3095 1663 3146 numu

241 3195 272 3258 et
294 3209 355 3280 pro
379 3195 524 3260 sanctum
547 3211 643 3283 pasce
666 3187 816 3262 similiter
839 3188 986 3262 hoblatss
1007 3191 1136 3286 parium
1158 3215 1262 3266 unum
1278 3202 1311 3266 et
1326 3189 1386 3266 ciri
1409 3219 1512 3270 unum
1542 3221 1660 3294 aeque:

238 3311 328 3382 omni
365 3313 608 3388 amaricatione.
635 3324 668 3388 et
689 3325 764 3410 post
782 3336 893 3388 meum
917 3315 1084 3388 transitum
1114 3318 1184 3412 ipsa
1207 3317 1315 3412 portio
1338 3327 1394 3390 tua
1417 3321 1457 3392 de
1480 3333 1659 3394 memorata

238 3437 369 3510 ecclesis
391 3461 456 3510 una
480 3462 557 3514 cum
579 3439 732 3512 omnihus
747 3441 811 3514 sisi
825 3439 1060 3536 pertinentibus
1074 3448 1113 3510 ut
1124 3460 1221 3534 super
1235 3440 1354 3534 legitur
1369 3441 1404 3542 in
1427 3450 1483 3512 tun
1506 3443 1656 3540 tuisque:

236 3563 406 3638 heredibus
428 3565 590 3636 rebertant
613 3574 770 3660 potestate
792 3567 886 3638 cuius
909 3567 980 3640 iure
1003 3589 1072 3640 esso
1094 3565 1236 3638 videtur:
1263 3567 1339 3662 quia
1361 3567 1407 3638 ita
1431 3567 1525 3638 nobis
1552 3571 1656 3642 stetit:

236 3692 264 3764 si
278 3699 387 3765 autem
410 3693 502 3764 ahter
524 3693 695 3766 fecerimus
719 3695 760 3766 de
784 3693 835 3764 his
859 3691 1009 3764 omnibus
1032 3691 1217 3764 memoratis
1239 3713 1298 3786 per
1321 3691 1437 3787 quobis
1453 3693 1586 3766 modum
1603 3703 1660 3766 aut

236 3817 412 3892 summissis
434 3815 578 3912 personis
609 3825 687 3888 urnc
718 3837 881 3910 compono
916 3839 979 3912 ego
1012 3816 1084 3890 rice
1116 3837 1207 3890 meae
1236 3813 1295 3886 tihi
1327 3814 1457 3910 tuisque
1485 3817 1661 3892 heredibus

238 3945 309 4016 auri
334 3944 454 4016 sohdos
477 3943 648 4016 duodecim
669 3943 876 4039 hythisuteos
898 3951 932 4016 et
953 3943 1015 4016 hec
1030 3943 1176 4016 chartula
1190 3951 1228 4014 ut
1243 3927 1471 4040 superlegitur
1486 3944 1528 4016 sit
1544 3946 1656 4018 firmn:

235 4073 353 4166 scripta
375 4091 435 4164 per
458 4089 572 4140 manus
586 4068 745 4140 tohamb
769 4068 920 4167 tabularii
942 4091 1003 4163 per
1025 4077 1203 4140 memorata
1225 4065 1400 4140 indictione

330 4192 363 4288 †
385 4216 447 4288 ego
469 4193 522 4266 leo
545 4193 630 4266 fitius
646 4195 769 4268 domini
791 4193 942 4268 iohannis
963 4204 1099 4294 rogatus
1122 4218 1142 4267 a
1164 4193 1381 4290 suprascripto
1402 4193 1456 4268 leo
1478 4195 1657 4292 presbitero

236 4325 309 4398 testi
332 4323 505 4420 urhscripsi
528 4323 560 4420 †

330 4449 446 4546 †ego
469 4449 625 4524 iohannes
648 4449 733 4522 filius
756 4447 881 4526 domini
905 4448 1004 4548 sergii
1023 4457 1158 4548 rogatus
1181 4475 1201 4524 a
1222 4448 1441 4546 suprascripto
1464 4451 1517 4526 leo
1529 4455 1656 4548 presbi-

237 4587 307 4650 tero
330 4577 404 4650 testi
427 4572 654 4671 subscripsi†
1324 4621 1329 4634 ·

330 4702 362 4800 †
385 4722 448 4796 ego
470 4703 626 4774 iohannes
649 4700 736 4773 filius
758 4699 884 4774 domiui
905 4699 992 4802 petri
1015 4707 1149 4798 rogetus
1172 4723 1192 4770 a
1213 4701 1429 4796 suprascripto
1452 4702 1505 4778 leo
1527 4707 1657 4802 preshi-
1711 4731 1717 4746 ·

239 4846 308 4910 tero
332 4837 406 4910 testi
428 4831 601 4926 subscripsi
623 4830 654 4928 †

332 4962 458 5058 †Ego
482 4961 637 5036 iohannes
668 4960 844 5034 tabularius
871 4959 961 5032 curie
984 4958 1081 5030 huius
1104 4957 1242 5032 civitatis
1275 4958 1418 5054 neapolis
1442 4960 1500 5056 qui
1524 4983 1655 5036 memo-

237 5099 324 5165 ratos
345 5099 419 5187 post
432 5087 701 5184 subscriptionem
714 5086 843 5173 testium
866 5085 1034 5182 Complevi
1056 5107 1115 5182 per
1129 5097 1309 5158 memorata
1324 5087 1418 5160 tertia
1432 5086 1653 5184 ludiotione†
