4854 6528
1397 585 1541 684 (194)

751 754 866 826 exinde
890 752 994 821 faeere
1018 743 1196 818 volueritis.
1209 719 1254 815 :et
1268 765 1375 840 neque
1399 769 1418 812 a
1441 740 1699 814 mememorato
1722 739 1862 814 iobanne
1877 743 1931 816 eui
1945 765 2045 840 supra
2059 771 2179 826 nomen

754 879 903 953 briuaulo
918 899 995 948 cum
1010 895 1167 946 consensu
1183 880 1360 944 memorata
1375 869 1505 943 eufimia
1520 869 1660 964 posteria
1683 867 1814 964 coniugi
1830 891 1924 942 meae
1943 891 2049 969 neque
2065 902 2084 947 a
2101 881 2182 951 meis

616 1031 621 1040 ·
754 1007 929 1080 heredibus
950 1027 1011 1076 nec
1027 1028 1047 1074 a
1063 1001 1156 1073 nobis
1178 999 1323 1096 personis
1345 997 1522 1072 summissis
1546 998 1636 1070 nullo
1658 1005 1803 1092 tempore
1818 1018 2000 1092 numquam
2024 1025 2085 1073 vos
2104 1027 2180 1078 me-

756 1143 883 1207 morato
905 1129 1037 1206 domino
1060 1125 1216 1222 stephano
1239 1133 1272 1198 et
1294 1125 1425 1197 domina
1448 1125 1537 1218 pitrn
1559 1125 1691 1197 honesta
1715 1123 1835 1196 femina
1849 1123 1975 1218 iugales
2000 1136 2058 1200 aut
2076 1129 2179 1204 bere·
2295 1175 2299 1184 ·

757 1261 851 1333 dibus
868 1255 985 1330 nostris
1008 1251 1098 1350 quod
1122 1251 1204 1322 absit
1231 1249 1351 1322 abeatis
1382 1247 1499 1320 exinde
1530 1269 1736 1344 quacumque
1771 1247 1985 1344 requisitione
2015 1261 2072 1325 aut
2100 1277 2181 1326 mo-

755 1388 847 1459 lestia
878 1385 923 1456 ha
954 1403 1041 1454 nuno
1072 1388 1106 1452 et
1136 1374 1334 1471 inperpetnIs
1365 1371 1585 1466 temporibus:
1620 1375 1753 1470 Insuper
1785 1381 1819 1446 et
1850 1373 1891 1446 ab
1922 1379 2011 1450 omni
2036 1383 2179 1454 ommine

757 1513 935 1606 bomnique
958 1527 1094 1600 persona
1117 1500 1207 1573 omni
1233 1507 1380 1594 tempore
1411 1522 1474 1595 ego
1497 1511 1530 1572 et
1552 1501 1725 1575 heredibus
1752 1501 1833 1576 mais
1855 1502 1950 1576 vobis
1981 1506 2178 1604 vestrisque:

757 1635 928 1712 heredibus
950 1623 1071 1701 exinde
1093 1627 1128 1698 in
1151 1623 1302 1699 omnibus
1325 1631 1483 1699 antestare
1506 1633 1540 1698 et
1563 1625 1727 1699 defensare
1749 1626 1921 1700 debeamus
1944 1641 2076 1727 propter
2090 1635 2178 1726 qnod

759 1763 865 1852 seaepi
888 1779 907 1824 a
931 1753 1022 1826 vobis
1045 1753 1163 1836 exinde
1186 1753 1222 1826 in
1254 1753 1516 1830 commutationis
1538 1755 1917 1852 raoonpensationisqne:
1951 1767 1984 1830 et
2006 1759 2116 1854 portio
2139 1761 2179 1833 de

758 1883 931 1956 cellareum
954 1889 1098 1952 vesburm
1120 1879 1179 1973 qui
1202 1887 1250 1951 est
1272 1879 1385 1952 subtus
1407 1880 1516 1974 ipsum
1538 1880 1723 1954 bialineum
1746 1883 1836 1978 quod
1860 1881 1894 1954 iu
1916 1907 1988 1956 mea
2015 1885 2177 1960 raserbaai

759 2015 935 2105 potestate:
969 2005 1029 2102 qni
1052 2005 1184 2077 ooberet
1206 2002 1267 2076 sivi
1292 2002 1332 2074 ab
1355 2027 1424 2077 uuo
1446 2003 1546 2076 latera
1569 2029 1597 2075 a¹
1611 2014 1702 2100 parte
1725 2007 1898 2080 occidentis
1921 2007 2095 2083 oellareum
2116 2011 2176 2083 be·

758 2137 875 2208 redum
898 2129 1068 2204 memorati
1091 2127 1213 2202 domini
1247 2127 1394 2199 anastasii
1426 2127 1522 2201 sicuti
1546 2128 1639 2201 inter
1672 2153 1707 2204 se
1729 2129 1883 2224 parietem
1907 2132 2051 2206 exfinat:
2082 2136 2177 2206 etde

760 2261 824 2332 alio
848 2261 946 2330 latere
969 2281 988 2326 a
1010 2263 1100 2350 parte
1124 2252 1279 2327 berientis
1310 2253 1443 2327 aoberet
1466 2253 1650 2328 memoratis
1680 2254 1800 2350 pisebis
1830 2257 1925 2330 sicuti
1948 2259 2034 2332 inter
2057 2283 2091 2332 se
2114 2284 2180 2354 pa-

761 2387 876 2458 rietem
899 2385 1018 2456 exfinat
1040 2391 1073 2453 et
1096 2389 1227 2474 aparte
1251 2381 1426 2456 meridiana
1450 2381 1581 2454 cubaret
1604 2382 1776 2456 collusum
1793 2363 1936 2456 sestrum
1951 2388 2041 2480 quod
2064 2387 2100 2458 in
2124 2409 2183 2459 re·

731 2519 827 2612 'stra
859 2505 1067 2578 reserbastitis
1100 2511 1256 2598 potestate
1285 2503 1380 2574 sicuti
1410 2504 1494 2578 inter
1516 2527 1550 2576 se
1573 2505 1693 2576 exfinat
1723 2505 1789 2598 pila
1819 2505 1935 2578 fabrita
1958 2517 1991 2578 et
2014 2512 2184 2603 quomodo

762 2638 850 2709 badit
871 2643 997 2709 rectum
1018 2631 1054 2704 in
1069 2632 1213 2734 singnata
1228 2630 1286 2726 qui
1300 2641 1348 2702 est
1370 2633 1453 2704 faeta
1476 2631 1511 2701 iu
1534 2631 1690 2725 parietem
1713 2641 1836 2725 aparte
1859 2632 2018 2706 boriontis
2040 2647 2074 2707 et
2090 2659 2183 2730 quo·

763 2764 862 2836 modo
885 2768 1062 2834 memorata
1084 2757 1150 2854 pila
1183 2765 1216 2829 et
1246 2765 1424 2829 memorata
1446 2756 1592 2849 singnata
1615 2757 1735 2828 aufinat
1766 2758 1807 2827 da
1830 2757 1894 2828 fine
1917 2759 1957 2830 do
1981 2770 2117 2835 cantone
2141 2764 2182 2836 de

763 2893 833 2983 ipsa
855 2889 920 2982 pila
942 2888 1001 2983 qui
1023 2897 1073 2960 est
1096 2911 1115 2956 a
1138 2893 1228 2980 parte
1259 2909 1331 2960 mea
1364 2892 1398 2956 et
1425 2885 1466 2957 da
1490 2892 1667 2958 memorata
1702 2882 1847 2980 singnata
1870 2885 1906 2957 in
1929 2897 2020 2981 parte
2043 2913 2115 2963 mea
2138 2891 2184 2962 sia

765 3017 856 3088 omni
879 3025 1022 3109 tempore
1045 3014 1154 3086 ambas
1169 3021 1282 3108 partas
1304 3012 1424 3087 fabrire
1438 3011 1612 3085 debeamus
1635 3035 1655 3084 a
1677 3017 1764 3084 terra
1784 3035 1910 3108 nsque:
1936 3023 1970 3085 at
1985 3019 2181 3093 sternimen-

765 3151 838 3213 tum
862 3149 894 3212 at
917 3141 1006 3212 omni
1028 3163 1201 3214 commune
1224 3138 1444 3232 expendium:
1471 3146 1505 3208 et
1527 3159 1547 3206 a
1569 3142 1660 3230 parte
1682 3137 1940 3231 septemptrionis
1963 3139 2094 3212 coberet
2109 3143 2181 3214 cel-

768 3269 892 3342 lareum
916 3291 1025 3340 meum
1050 3265 1145 3339 aienti
1167 3268 1252 3338 inter
1274 3289 1309 3338 se
1332 3263 1488 3360 parietem
1513 3246 1645 3334 exfinat'.
1669 3263 1752 3334 etin
1771 3263 1879 3356 ipsum
1902 3264 2057 3358 parietem
2072 3287 2182 3340 meum

766 3397 854 3490 regia
878 3397 1003 3492 aperire
1026 3395 1199 3468 debeamus
1222 3393 1308 3466 unde
1333 3415 1395 3485 ego
1418 3399 1452 3462 et
1474 3391 1609 3464 buedes
1632 3388 1714 3462 meis
1745 3389 1867 3463 ibidem
1896 3392 2065 3468 introitum
2088 3395 2183 3470 abere

768 3522 964 3594 debeamus:
992 3522 1124 3615 insuper
1146 3516 1233 3590 stetit
1257 3517 1342 3588 inter
1364 3513 1458 3593 nobis
1480 3522 1520 3586 ut
1542 3535 1653 3585 arcum
1677 3513 1786 3588 batere
1809 3516 1868 3612 qui
1884 3525 1932 3588 est
1946 3517 1980 3588 in
1994 3517 2100 3611 ipsum
2115 3519 2188 3590 091.

766 3650 890 3720 lareum
913 3649 1004 3746 quod
1027 3669 1087 3719 sos
1105 3642 1188 3716 mibi
1213 3637 1461 3712 commutastib's
1491 3646 1529 3711 ut
1559 3661 1657 3734 super
1688 3639 1832 3734 legitur:
1864 3640 1937 3714 illos
1959 3643 2034 3716 iude
2057 3643 2186 3716 bessam

767 3777 938 3848 debeamus
961 3796 1022 3868 pro
1045 3773 1152 3866 ipsunt
1175 3767 1332 3864 parietem
1363 3789 1423 3861 per
1450 3763 1560 3836 ambas
1590 3775 1696 3859 partes
1728 3765 1884 3840 fabricare
1908 3767 2080 3840 debeamus
2102 3770 2187 3842 inter

768 3903 836 3994 ipsa
861 3903 995 3972 cellares
1017 3909 1055 3969 ut
1078 3920 1176 3994 super
1198 3893 1335 3989 legitur:
1372 3892 1597 3965 tantummodo
1621 3915 1683 3986 ego
1707 3905 1740 3964 et
1762 3891 1896 3966 heredes
1919 3895 1999 3968 meis
2021 3894 2056 3966 in
2081 3895 2187 3990 ipsum

767 4033 923 4126 parietem
947 4033 988 4100 de
1010 4039 1187 4102 memorata
1202 4027 1335 4099 cellarea
1360 4049 1426 4122 que
1449 4023 1558 4098 ambas
1580 4038 1687 4118 partes
1703 4025 1843 4100 diximus
1860 4027 2016 4103 fabricare
2032 4039 2069 4100 nt
2092 4048 2188 4121 super

767 4160 907 4251 legitur:
944 4157 990 4227 ibi
1013 4181 1133 4250 ponere
1160 4155 1261 4227 debeo
1284 4153 1377 4226 illum
1400 4155 1578 4226 cancellum
1604 4177 1714 4226 meum
1746 4152 1855 4227 betere
1879 4155 1938 4251 qui
1961 4163 2010 4228 est
2031 4155 2188 4228 modoin

767 4285 874 4377 ipsum
897 4284 1052 4378 parietem
1077 4295 1109 4354 et
1131 4285 1199 4378 ipsa
1222 4283 1380 4356 cancellus
1403 4281 1518 4354 debeat
1540 4281 1651 4354 benire
1675 4281 1710 4352 in
1733 4281 1834 4352 altum
1858 4309 1878 4353 a
1900 4293 1985 4354 seua
2008 4285 2044 4356 in
2058 4303 2187 4359 sursum

768 4431 826 4500 per
849 4431 999 4482 mensura
1022 4431 1150 4506 passum
1174 4431 1276 4481 unum
1299 4419 1331 4478 et
1347 4405 1490 4476 medium
1506 4413 1539 4475 at
1553 4423 1683 4498 passum
1698 4405 1840 4478 ferreum
1853 4416 1960 4478 sanate
1983 4407 2186 4502 neapolitana

768 4534 898 4605 ecclesie
922 4545 959 4606 ut
983 4557 1049 4606 non
1071 4557 1238 4630 possamus
1261 4531 1418 4627 respicere
1449 4527 1485 4601 iu
1513 4539 1730 4603 memoratum
1758 4529 1928 4602 cebuenm
1957 4541 2102 4602 vestrum
2129 4551 2187 4624 per

768 4659 893 4730 nullum
917 4663 1073 4732 modum:
1101 4663 1187 4734 unda
1210 4657 1291 4732 nibil
1313 4655 1407 4730 vobis
1430 4654 1549 4729 exinde
1577 4654 1714 4754 aliquod.
1734 4653 1906 4728 remansit:
1942 4655 2075 4748 insuper
2099 4655 2187 4728 omni

767 4794 913 4879 tempora
936 4807 995 4856 vos
1019 4794 1052 4855 et
1074 4784 1207 4857 heredes
1238 4785 1352 4858 vestris
1375 4783 1457 4856 mihi
1479 4784 1645 4879 meisque:
1671 4783 1842 4858 heredibus
1865 4781 1906 4854 ab
1929 4783 2019 4854 omui
2042 4780 2186 4852 ommino

768 4912 921 5005 omnique
944 4931 1078 5002 persona
1103 4917 1259 4980 antestare
1281 4917 1315 4981 et
1336 4909 1500 4984 defensura
1523 4907 1681 4984 debeatis:
1711 4911 1844 5004 insuper
1866 4909 2033 4984 iuusistitis
2054 4905 2135 4978 mibi
2154 4919 2185 4980 et
