4854 6528
936 741 1083 837 (rso)

169 947 174 952 -
298 899 467 976 menone
492 899 591 972 vestri
614 896 823 970 monosterii:
849 903 883 970 et
905 923 925 967 n
947 907 1039 991 parte
1062 897 1236 968 occidentis
1251 907 1300 969 est
1323 909 1408 970 terre
1432 899 1602 973 memorati
1626 893 1733 975 nostri

299 1029 451 1125 episcopii
473 1027 567 1099 sicuti
591 1029 675 1098 inter
697 1049 733 1098 so
754 1028 890 1098 fossatus
913 1023 1127 1094 communalis
1150 1023 1271 1093 exlinnt
1293 1047 1351 1096 sou
1372 1034 1405 1094 et
1428 1030 1580 1100 termines
1604 1032 1726 1103 enfinnt

300 1156 388 1252 quod
412 1162 488 1226 sunt
513 1163 586 1225 tres
603 1152 668 1224 boc
690 1163 740 1225 est
762 1177 782 1224 n
804 1154 912 1246 primo
935 1150 1105 1222 terminem
1127 1149 1187 1245 qni
1210 1163 1260 1221 est
1276 1150 1368 1222 lictus
1384 1150 1466 1222 inste
1480 1169 1656 1228 memorate
1673 1161 1726 1231 vin

298 1285 333 1354 in
356 1283 425 1378 ripe
448 1282 492 1354 be
515 1289 606 1376 perte
629 1293 735 1354 vestm
759 1282 794 1352 in
815 1281 920 1375 capite
935 1303 978 1352 ex
992 1280 1100 1373 ipsum
1122 1279 1279 1350 fossatum
1298 1280 1535 1352 communalem
1551 1295 1583 1356 et
1605 1297 1727 1374 cetrum

300 1412 334 1482 in
357 1411 534 1482 secundum
558 1419 592 1480 et
614 1409 801 1482 intertium
824 1406 996 1480 terminem
1018 1407 1078 1500 qui
1101 1416 1177 1478 sunt
1200 1407 1266 1478 ficti
1290 1406 1325 1478 in
1347 1409 1419 1502 ripe
1442 1407 1484 1478 ha
1509 1420 1600 1504 parte
1624 1423 1727 1484 vestre

300 1547 516 1612 memoratum
538 1538 695 1608 fossatum
728 1535 966 1608 communalem
989 1545 1022 1606 ct
1046 1561 1065 1606 n
1089 1543 1180 1628 perte
1203 1535 1439 1628 septemtrionis
1463 1547 1511 1606 est
1533 1553 1728 1610 memoratus

300 1665 438 1759 gualdus
473 1663 645 1735 memorati
678 1661 782 1734 nostri
815 1661 993 1756 episcopii:
1019 1659 1114 1732 sicuti
1136 1658 1221 1729 inter
1244 1681 1280 1728 se
1302 1667 1443 1752 quotuor
1466 1661 1617 1734 termines
1641 1663 1727 1734 exfi-

299 1801 380 1862 nnt:
406 1791 466 1888 qni
489 1789 632 1862 exlinent
653 1788 739 1859 inter
762 1798 940 1858 memoratu
975 1795 1061 1856 torre
1081 1792 1187 1856 vesun
1211 1785 1270 1880 qui
1292 1785 1354 1856 fuit
1386 1787 1555 1856 memorati
1578 1788 1730 1862 timothei

300 1914 451 1986 monncbi
473 1914 573 1987 sceui
606 1922 639 1984 et
668 1911 755 1982 inter
777 1918 994 1982 memoratum
1025 1908 1182 2002 gualdum
1215 1915 1392 1978 nostrum:
1419 1909 1467 1978 lte
1490 1917 1528 1978 ut
1551 1932 1589 1979 ev
1615 1912 1728 1983 odier-

299 2066 374 2115 num
400 2044 451 2115 die
475 2051 508 2114 et
529 2063 656 2136 semper
675 2026 797 2134 'neque
825 2038 962 2110 anobis
985 2045 1164 2108 memorato
1191 2037 1343 2129 gregorio
1366 2036 1487 2108 domini
1524 2039 1628 2130 gretia
1651 2043 1727 2134 epi-

299 2195 417 2266 scopo:
443 2179 620 2260 memorate
642 2174 750 2241 snnct'e
766 2167 849 2240 sedis
862 2167 1063 2261 neapolitano
1083 2164 1215 2236 ecclesie
1230 2187 1336 2259 neque
1351 2191 1370 2234 n
1386 2165 1521 2259 posteris
1535 2167 1652 2238 nostris
1667 2191 1726 2240 nec

301 2323 320 2367 n
343 2307 523 2367 memorato
546 2301 656 2366 sancto
679 2291 842 2385 episcopio
865 2301 976 2362 nostro
1001 2313 1108 2385 neque
1124 2314 1143 2358 n
1158 2289 1251 2362 nobis
1267 2291 1411 2384 personis
1434 2291 1611 2364 summissis
1634 2294 1724 2366 nullo

300 2433 445 2516 tempore
476 2441 655 2512 numquam
682 2392 742 2489 ios
765 2427 946 2488 memorato
968 2419 1076 2511 sergio
1111 2416 1287 2490 venerabili
1322 2440 1484 2512 ygumeno
1509 2427 1565 2490 eut
1595 2420 1729 2512 posteris

302 2551 367 2624 tuis
389 2573 449 2621 nec
472 2557 667 2628 memoratus
690 2554 818 2618 sanctus
844 2556 951 2618 vester
974 2548 1186 2620 monasterius
1209 2548 1298 2644 quod
1331 2548 1413 2620 absit
1428 2571 1607 2646 numquam
1631 2549 1731 2620 nbetis

302 2677 418 2748 exindo
450 2677 492 2748 dc
515 2683 726 2747 memoratam
758 2683 843 2744 terra
876 2673 1017 2768 quivos
1040 2697 1059 2742 e
1089 2695 1149 2744 nos
1173 2675 1279 2768 tetigit
1301 2685 1339 2746 ut
1362 2698 1457 2770 super
1480 2677 1600 2772 legitur
1624 2699 1729 2770 neque

303 2807 344 2877 de
367 2814 543 2876 memorata
568 2814 653 2874 terre
683 2812 789 2876 vestra
812 2803 870 2898 qui
893 2801 955 2874 tuit
979 2801 1149 2872 memorati
1172 2801 1320 2874 timothei
1343 2803 1494 2874 moneebi
1518 2805 1616 2876 vestri
1640 2827 1729 2897 qne-

303 2932 377 3002 liter
400 2942 433 3003 et
453 2931 621 3025 quomodo
635 2952 694 3023 per
709 2929 895 3002 memoretis
911 2929 984 3000 linis
1007 2937 1040 2998 et
1055 2928 1199 2998 terminis
1222 2953 1280 3000 sou
1296 2929 1379 3021 pessi
1403 2932 1670 3022 exegregnvimus
1693 2939 1730 2998 ut

301 3079 398 3151 super
414 3055 532 3149 legitur
553 3053 696 3124 habentis
719 3075 926 3146 quocumque
948 3051 1192 3146 requisitionem
1210 3063 1266 3122 eut
1281 3052 1461 3124 molestiam
1485 3077 1504 3122 n
1528 3075 1615 3123 nunc
1639 3063 1671 3124 et
1695 3053 1729 3124 in

303 3183 465 3278 perpetuis
488 3180 710 3276 temporibus:
737 3180 814 3275 quie
837 3180 882 3250 ite
905 3180 999 3252 nobis
1022 3179 1110 3252 stetit
1132 3180 1238 3272 adque
1255 3179 1436 3252 combenit:
1455 3181 1490 3252 Si
1507 3191 1616 3252 nutem
1639 3181 1730 3252 eliter

303 3307 472 3379 fecerimus
496 3305 537 3378 do
560 3305 610 3376 bis
634 3304 785 3376 omnibus
809 3303 995 3374 memoretis
1019 3325 1077 3394 per
1092 3302 1217 3395 'quobis
1232 3305 1366 3376 modum
1383 3305 1631 3406 culusummissis
1647 3327 1729 3398 per-

303 3435 411 3506 sonis:
437 3445 515 3506 tnnc
538 3411 699 3526 compono
723 3439 836 3526 ego'ct
851 3429 987 3524 posteris
1010 3427 1091 3498 meis
1113 3435 1289 3520 sanctoque
1313 3443 1423 3498 nostro
1448 3431 1610 3522 episcopio
1636 3431 1729 3504 vobis

303 3563 505 3657 vestrisque:
531 3559 667 3653 posteris
691 3557 763 3630 nuri
778 3557 875 3628 libres
898 3579 963 3628 nnn
985 3529 1171 3649 bythinnten
1187 3561 1221 3622 et
1233 3575 1270 3622 ec
1286 3551 1431 3624 eharmla
1447 3556 1624 3628 securitatis
1640 3580 1728 3630 com·

303 3688 462 3760 benientie
484 3697 523 3758 ut
545 3709 642 3779 super
678 3685 798 3777 legitur
821 3684 862 3754 sit
885 3683 1002 3754 firma:
1029 3679 1148 3772 scriptu
1174 3701 1235 3770 per
1256 3701 1389 3750 manum
1422 3680 1556 3752 iobenni
1592 3684 1727 3758 Curinlis

303 3813 504 3886 scribendam
527 3813 643 3904 rognvi
666 3835 724 3904 per
747 3819 925 3882 memorate
948 3829 1035 3878 nonn
1057 3804 1265 3878 indictionem
1291 3803 1322 3898 †

399 3938 429 4035 †
454 3937 626 4035 gregorius
650 3937 826 4029 episcopus.
840 3931 1014 4026 subscripsi
1037 3930 1069 4028 †

399 4065 431 4161 †
456 4089 517 4160 ego
541 4063 711 4158 gregorius
743 4061 828 4134 lilius
860 4060 983 4135 domini
1013 4064 1112 4158 s'crgii
1142 4077 1273 4160 rogetus
1306 4095 1324 4138 n
1348 4069 1565 4164 suprascripto
1588 4070 1721 4143 domino

283 4197 462 4313 ²'gregorio
485 4197 638 4290 episcopo
661 4193 735 4264 testi
758 4189 985 4307 subscrips-ij
1055 4291 1057 4296 Ι
1308 4287 1311 4292 Δ

272 4307 296 4331 “’
396 4318 429 4416 †
452 4331 558 4437 ugo
557 4327 812 4392 obscuriore
835 4327 897 4390 nu
912 4324 966 4390 1o
987 4329 1259 4398 eornrornn
1282 4297 1387 4396 ceno
1410 4295 1472 4394 Kc
1498 4332 1728 4399 nnrcxono

303 4455 427 4522 TscTt
451 4460 562 4522 conc
586 4445 618 4540 †

399 4569 432 4664 †
455 4594 516 4666 ego
540 4571 709 4664 gregoriis
731 4567 818 4640 tilios
842 4565 966 4640 domini
988 4569 1121 4642 iohanni
1144 4580 1277 4663 rogetus
1299 4596 1318 4639 e
1342 4570 1558 4664 suprascripto
1591 4573 1726 4644 domino

304 4699 461 4794 gregorio
485 4700 637 4792 episcopo
661 4697 733 4768 tosti
756 4699 929 4791 subscripsi
953 4694 985 4790 †

402 4818 434 4916 †
457 4821 527 4916 Ego
551 4820 706 4892 iobennes
728 4821 868 4892 (luciolis
900 4821 959 4916 qui
982 4831 1178 4892 memoratos
1201 4832 1273 4916 post
1303 4822 1573 4918 subscriptionem
1597 4829 1726 4902 testium

304 4947 473 5042 Complcvi
496 4959 531 5019 ct
551 4947 677 5020 absolvi
701 4948 754 5020 die
777 4959 810 5023 et
832 4947 1042 5022 indictionem
1066 4971 1124 5042 per
1146 4959 1324 5022 memorato
1350 4973 1435 5024 nonn
1459 4949 1490 5044 †
