4876 6532
864 670 1014 760 (rer)

92 583 98 598 ’
842 901 848 910 x

325 1217 417 1318 †1n
439 1216 571 1292 nomine
596 1215 722 1290 domini
746 1214 799 1288 dei
821 1211 990 1286 saluatoris
1012 1209 1115 1282 nostri
1135 1207 1233 1283 ihesu
1249 1206 1372 1280 Christi
1387 1208 1572 1304 Imperante
1591 1215 1656 1286 do·
1723 1217 1778 1266 ³¹¹·

129 1361 134 1368 '
232 1341 321 1418 mino
344 1351 456 1414 nostro
478 1339 650 1436 Nieyiorio
667 1341 765 1412 adeo
782 1345 936 1411 coronato
959 1359 1079 1434 magno
1095 1339 1290 1430 imperatore
1314 1358 1398 1406 anno
1421 1337 1584 1406 seeundo:
1604 1339 1656 1409 die
1709 1329 1794 1390 965.

237 1469 404 1542 undecima
429 1466 680 1574 mensisxaprilis
702 1438 876 1538 indictione
898 1462 1011 1534 octaba
1034 1461 1183 1556 neapoli:
1205 1459 1303 1532 Visus
1320 1461 1382 1533 tuit
1405 1463 1568 1554 quondam
1585 1463 1657 1532 ier-

240 1597 374 1669 randus.
390 1646 399 1666 .
414 1647 423 1668 .
499 1605 576 1668 tuus
582 1643 711 1668 ......
741 1593 808 1665 iilia
831 1593 995 1688 quondam
1001 1637 1107 1662 .....
1125 1589 1311 1660 venundare
1335 1613 1354 1658 a
1377 1589 1540 1681 quondam
1563 1610 1657 1662 maru

223 1718 347 1792 'relicta
372 1723 535 1817 quondam
558 1719 705 1792 iohannis
729 1719 800 1790 abia
822 1727 932 1790 nostra
955 1715 1104 1788 videlieet
1135 1714 1222 1786 leoni
1253 1723 1287 1786 et
1316 1714 1467 1806 gregorio
1496 1717 1657 1806 germanis

237 1849 313 1921 filiis
330 1851 492 1946 quondam
508 1849 630 1920 domini
647 1847 787 1941 gregorii
809 1845 896 1917 boffa
913 1845 993 1917 idest
1007 1855 1071 1918 tres
1084 1843 1185 1939 petias
1202 1865 1274 1913 suas
1291 1843 1331 1914 de
1354 1850 1455 1914 terras
1479 1844 1598 1936 positas
1622 1844 1657 1915 in

238 1975 345 2046 miana
369 1997 427 2071 per
450 1975 629 2050 chartulam
651 1974 844 2046 venditionis
867 1974 908 2045 de
931 1981 1056 2043 tummo
1079 1972 1194 2064 scripta
1218 1979 1250 2042 et
1271 1991 1330 2062 per
1356 1970 1424 2062 ipsa
1441 1969 1586 2042 chartula
1604 1974 1657 2043 ia-

237 2119 311 2170 oere
334 2098 422 2168 visus
445 2098 507 2170 iuit
529 2099 597 2190 ipse
619 2098 785 2170 ferrandus
807 2105 845 2169 nt
867 2098 993 2191 tuipse
1015 2097 1069 2168 rel
1091 2095 1224 2167 heredes
1247 2115 1321 2164 suos
1345 2103 1378 2162 at
1402 2096 1479 2166 dare
1503 2093 1657 2165 habuerit
1772 2099 1774 2103 ’

239 2226 278 2295 de
309 2223 468 2314 reliquam
500 2243 630 2292 omnem
654 2245 711 2292 sua
739 2221 916 2293 hereditate
944 2224 1034 2294 daret
1064 2220 1136 2290 ilios
1159 2227 1193 2291 at
1215 2228 1391 2292 memorata
1427 2241 1522 2292 maru
1547 2221 1599 2292 vel
1624 2229 1658 2290 at

237 2349 371 2422 heredes
384 2369 459 2421 snos
474 2348 509 2418 in
524 2349 629 2442 pretio
644 2349 737 2419 sicuti
752 2349 965 2442 appretiatum
980 2348 1089 2419 merit:
1108 2349 1149 2420 de
1165 2371 1230 2442 qua
1238 2369 1326 2419 uero
1341 2347 1488 2418 venimus
1504 2370 1563 2418 nos
1581 2370 1658 2418 me·

238 2473 369 2544 moratis
392 2470 551 2566 germanis
574 2479 607 2542 et
628 2471 792 2566 qnesimus
815 2479 848 2540 te
871 2479 1046 2544 memorata
1068 2473 1179 2544 oranie
1195 2497 1237 2546 ex
1251 2472 1320 2567 ipsa
1334 2483 1419 2545 sorte
1442 2482 1522 2544 tua:
1551 2481 1584 2545 ει
1599 2492 1658 2566 ρει

239 2597 400 2693 ooiloquia
416 2619 577 2669 vonomm
591 2595 739 2667 ominum
755 2593 903 2665 venimus
919 2594 954 2664 in
967 2615 1052 2675 vona
1073 2597 1327 2670 eonveniantiam
1342 2607 1374 2669 et
1388 2621 1461 2671 ecee
1478 2625 1495 2669 a
1512 2599 1563 2670 die
1576 2621 1657 2692 pre-

237 2725 334 2798 sentis
357 2747 416 2818 per
431 2745 491 2795 ane
504 2721 682 2794 chartulam
697 2719 951 2814 repromittimus
970 2719 1031 2790 tibi
1045 2729 1223 2802 memorata
1246 2725 1356 2795 urania
1379 2733 1510 2817 propter
1532 2724 1657 2816 integra

237 2853 387 2948 portione
409 2860 465 2924 tua
481 2859 637 2948 quantum
655 2857 687 2920 et
702 2851 866 2946 quomodo
882 2850 940 2920 tibi
956 2849 1095 2943 pertinet
1111 2863 1170 2945 pe‘r
1184 2851 1299 2948 quobis
1317 2855 1451 2922 modum
1469 2852 1509 2922 de
1526 2874 1657 2922 memo-

237 2989 308 3052 rata
330 3001 460 3051 omnem
475 2979 648 3052 hereditate
671 2975 728 3049 seu
751 2977 926 3050 substantia
941 2977 1105 3072 quonmm
1123 2978 1294 3050 memorati
1309 2978 1449 3048 ferrandi
1466 2977 1534 3048 sibe
1551 2999 1657 3072 praua

238 3114 309 3174 tum
331 3112 369 3174 ιιι
392 3113 446 3176 aut
470 3114 647 3175 memorato
670 3103 797 3198 genitor
819 3113 895 3176 tuus
917 3103 1155 3176 venundedistis
1179 3113 1235 3175 aut
1249 3103 1405 3176 dedistitis
1422 3104 1475 3176 vel
1499 3115 1657 3200 quantum

239 3235 308 3299 tum
322 3237 400 3322 aput
413 3237 445 3299 te
460 3229 534 3300 abes
550 3237 666 3300 utnon
682 3228 832 3299 abeamus
844 3219 1006 3298 licentiam
1020 3249 1079 3298 nes
1095 3237 1151 3297 aut
1167 3227 1336 3299 heredibus
1351 3226 1467 3296 nostris
1484 3227 1656 3320 aliquando

241 3362 384 3448 tempore
407 3364 440 3426 te
463 3365 519 3425 aut
533 3355 703 3427 heredibus
726 3358 790 3426 tuis
815 3365 871 3427 aut
893 3355 947 3426 eui
970 3361 1007 3426 tu
1031 3354 1146 3425 exinde
1170 3353 1298 3424 dedistis
1311 3377 1370 3446 per
1385 3355 1501 3450 quobis
1524 3357 1657 3426 modum

240 3504 375 3578 querere
398 3493 454 3554 aut
469 3493 615 3554 contrare
628 3508 685 3578 per
701 3484 824 3556 nulium
839 3485 972 3557 modum
988 3507 1048 3556 neo
1064 3509 1124 3580 pre
1137 3483 1204 3577 ipsa
1220 3481 1364 3552 chartula
1375 3493 1413 3555 ut
1427 3505 1524 3576 super
1539 3482 1658 3576 legitur

240 3631 299 3682 neo
322 3633 381 3704 per
404 3611 501 3682 ahum
525 3612 668 3706 quolibet
691 3613 821 3682 modum
838 3637 897 3683 nec
916 3636 974 3706 per
988 3611 1163 3683 summissis
1180 3611 1320 3704 personis
1336 3611 1369 3681 in
1387 3611 1548 3703 perpetuis
1566 3620 1656 3681 tem-

239 3730 385 3832 poribus:
411 3737 541 3831 insuper
563 3738 778 3830 promittimus
795 3739 850 3809 tibi
868 3748 905 3810 ut
918 3739 946 3810 si
962 3738 1079 3834 quobis
1093 3749 1237 3832 tempore
1253 3737 1430 3808 surrexerit
1444 3737 1558 3832 qusbis
1574 3759 1655 3830 per-

240 3881 316 3932 sona
333 3861 391 3958 qui
409 3870 441 3934 te
458 3869 515 3934 aut
528 3861 699 3932 heredibus
711 3861 774 3931 tuis
793 3887 835 3933 ex
851 3862 919 3954 ipsu
942 3871 1028 3932 sorte
1051 3869 1106 3934 tua
1131 3871 1168 3932 ut
1184 3883 1278 3954 super
1295 3860 1413 3952 legitur
1429 3859 1582 3954 quesierit
1597 3881 1657 3951 per

239 3985 308 4079 ipsa
323 3985 467 4057 chanula
481 3995 587 4056 nostra
602 3995 640 4056 ut
657 4009 753 4080 super
765 3986 883 4079 legitur
896 3997 975 4056 tune
991 4009 1049 4057 nos
1064 3997 1098 4056 et
1119 3985 1290 4058 heredibus
1313 3985 1429 4054 nostris
1454 3959 1512 4054 tibi
1528 3983 1656 4078 tuisque

239 4108 411 4183 heredibus
434 4111 550 4182 exinde
574 4111 710 4204 desuper
733 4111 844 4182 tollere
868 4089 1038 4182 debeamus
1061 4111 1180 4204 asque':
1206 4111 1297 4180 omni
1319 4121 1425 4181 vestra
1450 4107 1654 4180 damnietater

239 4229 372 4328 propter
394 4235 483 4330 quod
505 4241 542 4306 tn
564 4235 658 4306 nobis
682 4236 810 4306 dedistis
834 4233 951 4306 exinde
974 4234 1008 4304 in
1032 4236 1201 4328 pagatione
1225 4233 1306 4306 idest
1325 4257 1426 4303 unum
1442 4232 1656 4304 iundieiolum
1771 4245 1774 4250 '

242 4369 336 4432 tnum
359 4361 501 4458 positum
523 4361 558 4432 in
580 4361 688 4432 miana
711 4361 769 4456 qui
792 4371 840 4432 est
863 4363 954 4432 iuxta
976 4363 1113 4433 fundum
1135 4369 1282 4431 nostrum
1306 4379 1461 4428 unacum
1488 4357 1657 4428 introitum

241 4511 338 4562 suum
361 4509 396 4563 et
417 4489 565 4564 omnibus
584 4489 646 4560 sivi
677 4488 908 4584 pertinentibus
931 4489 1024 4560 utin
1048 4497 1156 4558 nostra
1180 4486 1361 4578 nostrisque
1379 4508 1389 4554 a
1423 4485 1596 4556 heredibus
1618 4485 1662 4555 sit

241 4625 397 4710 potetate
412 4617 569 4712 quidquid
584 4615 699 4688 exinde
715 4617 818 4686 iacere
831 4615 1041 4687 voluerimus:
1061 4627 1093 4686 et
1109 4637 1168 4685 nos
1183 4613 1439 4706 superiunsimus
1454 4611 1512 4682 tibi
1530 4621 1563 4684 et
1586 4611 1659 4684 auri

242 4739 304 4812 tari
328 4749 394 4811 tres
416 4737 497 4810 sieut
520 4739 604 4812 inter
626 4737 719 4808 nobis
742 4737 929 4809 combenitr
954 4737 982 4806 si
1006 4746 1114 4807 autem
1136 4735 1228 4808 aliter
1252 4737 1424 4808 fecerimus
1449 4738 1488 4809 de
1503 4735 1553 4807 his
1569 4760 1651 4808 om·-

242 4866 336 4940 nihus
359 4865 542 4938 memoratis
565 4889 623 4960 per
646 4865 762 4962 quobis
784 4867 918 4938 modum
944 4873 1000 4934 aut
1031 4864 1210 4935 summissis
1233 4864 1377 4958 personis
1395 4873 1470 4934 tunc
1486 4861 1660 4956 componi-

242 5013 317 5064 mus
337 5015 397 5064 nos
419 4975 644 5066 etheredibus
667 4993 783 5065 nostris
806 4993 865 5064 tibi
888 4992 1016 5088 tuisque
1039 4990 1214 5065 heredibus
1250 4995 1322 5064 auri
1345 4991 1463 5064 solidos
1487 4989 1659 5070 duodecim
