4876 6532
821 653 827 663 .
919 603 1066 697 (ror)

922 884 1059 958 XCVlll.

375 1145 465 1238 †1n
487 1140 620 1214 nomine
644 1137 769 1210 domini
792 1137 845 1210 dei
868 1139 1037 1209 salvatoris
1058 1136 1162 1208 nostri
1185 1135 1282 1208 lbesu
1305 1137 1426 1210 Christi
1447 1143 1628 1236 imperante
1643 1154 1706 1224 do-
1771 1147 1829 1193 ³¹¹·

283 1273 373 1344 mino
395 1280 507 1342 nostro
529 1291 665 1340 romano
689 1287 808 1359 magno
833 1267 1029 1359 Imperatore
1050 1289 1135 1336 anno
1151 1267 1289 1364 septimo
1306 1267 1445 1339 decimo.
1464 1273 1520 1343 sed
1537 1285 1570 1344 et
1585 1278 1700 1351 basilio
1735 1263 1842 1324 ¹9⁶²·

284 1419 401 1490 magno
425 1397 620 1490 imperatore
644 1393 714 1464 eius
739 1393 807 1462 lilio
830 1411 915 1460 anno
938 1391 1091 1462 seeundo.
1118 1389 1180 1460 Dio
1204 1401 1319 1484 quarta
1352 1395 1470 1465 mensis
1494 1403 1622 1491 augusti
1645 1403 1702 1473 in-

283 1523 422 1594 dictione
446 1520 558 1617 quinte
581 1517 732 1612 neapoli:
757 1517 890 1589 Certum
915 1525 963 1586 est
986 1539 1038 1588 me
1054 1523 1184 1610 petrum
1202 1518 1398 1589 monaahum
1418 1521 1522 1592 filium
1538 1528 1703 1618 quondam

276 1647 437 1720 staurarii
461 1645 635 1718 tunicelli:
661 1645 692 1714 A
708 1644 848 1736 presenti
864 1642 916 1714 die
932 1643 1167 1737 promptissima
1184 1643 1350 1714 voluntate
1365 1645 1520 1736 promitto
1536 1650 1629 1721 vobis
1643 1655 1705 1723 do-

284 1774 375 1843 mino
395 1775 514 1864 sergio¹
526 1771 701 1844 venerabili
726 1772 880 1866 igumeno
898 1770 1084 1842 monasterii
1099 1781 1283 1840 sanctorum
1299 1769 1446 1842 theodori
1463 1781 1495 1844 et
1511 1775 1700 1848 sebastiani:
1831 1773 1833 1778 ’

286 1900 345 1991 qui
369 1895 549 1992 appellatur
572 1919 642 1966 oasa
665 1896 751 1989 picta
774 1897 872 1966 situm
896 1894 931 1966 in
952 1894 1106 1968 viridario
1130 1919 1170 1966 eo
1193 1893 1284 1988 quod
1318 1904 1355 1968 tu
1386 1919 1440 1970 me
1463 1900 1499 1968 in
1522 1917 1702 1974 memorato

288 2035 396 2094 vestro
418 2024 612 2096 monasterio
634 2024 778 2117 recipere
802 2033 834 2094 et
857 2022 977 2096 bavero
999 2022 1214 2117 spopondistis
1237 2032 1270 2094 et
1288 2033 1323 2094 tu
1338 2037 1371 2096 et
1385 2027 1521 2118 posteris
1546 2029 1608 2098 tuis
1625 2029 1699 2100 die-

285 2145 346 2217 bus
369 2146 435 2216 vite
458 2168 529 2216 mee
553 2167 606 2216 me
629 2145 773 2216 enutrire
796 2153 829 2216 et
851 2145 969 2218 bestire
992 2167 1049 2216 seu
1072 2145 1213 2217 calceare
1229 2145 1322 2224 sicuti
1338 2148 1451 2219 ceteris
1467 2151 1631 2221 monachis
1647 2175 1704 2224 ve-

288 2275 346 2344 stri
379 2270 551 2343 eenobieti:
577 2272 727 2365 lDeoque
751 2282 784 2342 et
806 2295 869 2364 ego
897 2272 1053 2364 promitto
1085 2273 1178 2346 robis
1202 2300 1220 2344 a
1245 2298 1331 2345 nune
1354 2284 1388 2346 et
1409 2277 1560 2352 omnibus
1592 2279 1705 2350 diebus

289 2395 357 2465 rite
378 2416 449 2464 mee
471 2392 507 2462 in
530 2401 708 2462 memorato
731 2401 840 2462 vestro
863 2393 1059 2464 monasterio
1086 2417 1191 2484 essere
1214 2405 1247 2468 et
1270 2399 1329 2468 tibi
1342 2401 1558 2496 ¹posterisque
1582 2403 1646 2474 tuis
1670 2405 1705 2474 in

292 2521 469 2592 obedientia
492 2525 525 2591 et
547 2517 582 2589 in
605 2516 737 2588 serbitio
761 2539 829 2588 esse
850 2519 1006 2610 promitto
1029 2528 1066 2589 ut
1089 2531 1197 2593 sancta
1226 2526 1339 2617 regula
1361 2524 1447 2598 beati
1477 2528 1580 2600 basilii
1610 2531 1705 2600 docet

287 2657 320 2720 et
342 2637 508 2740 n'unquam
531 2663 716 2738 presummo
730 2665 790 2714 neo
806 2641 933 2742 babere
956 2641 1116 2716 brendam
1131 2646 1200 2716 sine
1218 2646 1358 2722 iussione
1373 2659 1478 2722 restra
1494 2663 1537 2722 ert
1553 2653 1623 2744 ipso
1640 2675 1705 2722 ve-

288 2781 355 2844 stro
378 2767 572 2840 monasterio
595 2765 685 2838 exire
708 2774 756 2837 set
779 2765 891 2838 diebus
914 2765 979 2837 mei
1000 2767 1062 2836 sibi
1081 2767 1174 2840 linire
1197 2772 1361 2863 promitto.
1384 2777 1459 2846 etsi
1478 2775 1547 2845 sine
1562 2774 1703 2846 iussione

293 2901 397 2964 vestra
422 2913 464 2961 ex
485 2890 556 2982 ipso
572 2895 678 2960 vestro
704 2889 899 2960 monasterio
922 2889 1034 2962 exiero
1057 2901 1135 2964 tuno
1157 2893 1252 2966 lioeat
1266 2918 1325 2966 vos
1341 2919 1398 2989 per
1414 2896 1512 2968 misso
1529 2907 1637 2969 vestro
1653 2921 1705 2970 me
1812 2964 1816 2977 ‚

294 3018 510 3112 appreendere
533 3015 622 3086 etin
645 3017 760 3086 eodem
792 3027 900 3087 vestro
934 3018 1129 3090 monasterio
1151 3041 1205 3090 me
1227 3021 1383 3093 reducere
1407 3031 1439 3093 et
1463 3045 1516 3092 me
1539 3024 1702 3116 corripere

290 3155 328 3214 ut
351 3144 421 3237 ipsa
444 3151 551 3214 saneta
574 3143 686 3236 regula
710 3143 811 3214 dooet.
835 3143 959 3216 interea
983 3168 1059 3216 cum
1082 3145 1246 3219 voluntate
1270 3158 1416 3240 presente
1439 3149 1617 3244 beupruxie
1641 3171 1704 3218 co-

289 3279 383 3364 gnate
405 3291 478 3340 mee
501 3267 610 3370 relicte
643 3268 807 3361 quondam
831 3269 912 3338 ursi.
939 3295 957 3340 a
982 3270 1034 3342 die
1058 3272 1196 3364 presenti
1229 3271 1330 3342 offero
1354 3282 1386 3344 et
1419 3275 1510 3344 uado
1547 3275 1639 3344 vobis
1674 3283 1706 3344 et

289 3417 347 3485 per
370 3415 432 3476 ros,
453 3392 487 3463 in
510 3393 622 3464 eodem
646 3401 756 3462 saneto
772 3401 805 3462 et
822 3391 998 3464 venerabili
1014 3403 1122 3462 vestro
1137 3393 1343 3464 monasterio.
1361 3396 1453 3463 lDest
1480 3395 1603 3487 integra
1621 3406 1704 3466 terra

288 3539 359 3588 mea
384 3531 449 3610 qu'e
473 3524 607 3587 vocatur
630 3515 740 3586 utilia
763 3515 923 3606 balnearia
947 3514 1051 3608 posita
1080 3537 1160 3585 vero
1184 3514 1218 3584 in
1242 3524 1359 3608 quarto
1393 3517 1516 3585 maiore
1542 3538 1606 3585 una
1630 3539 1705 3586 cum

288 3646 355 3738 ipsa
379 3643 538 3716 balnearia
561 3651 593 3715 et
617 3666 693 3715 eum
726 3641 870 3736 pisehiua
894 3643 952 3736 qui
975 3643 1010 3710 in
1033 3642 1101 3736 ipsa
1124 3641 1285 3713 balnearia
1313 3665 1381 3712 esse
1414 3642 1542 3714 videtur
1572 3653 1604 3721 et
1628 3668 1704 3715 eum

290 3769 458 3841 introitum
482 3791 578 3840 snum
603 3766 826 3860 omnibusque.
841 3765 902 3837 sivi
925 3764 1168 3860 pertinentibus.
1191 3764 1369 3836 Coherente
1393 3765 1454 3836 sivi
1473 3766 1538 3836 bab
1562 3791 1630 3839 uno
1655 3769 1707 3838 la-

288 3903 354 3966 tere
377 3903 462 3964 terra
485 3890 572 3964 leoni
596 3891 663 3964 lilio
687 3889 810 3963 domini
834 3888 977 3983 gregorii
1000 3897 1033 3958 et
1056 3897 1142 3960 terra
1166 3889 1298 3962 ecclesie
1330 3899 1437 3960 sanate
1462 3891 1622 3962 iulianetis
1654 3894 1705 3974 si-

290 4021 354 4091 cuti
377 4021 461 4090 inter
484 4041 517 4090 se
542 4018 672 4111 egripus
695 4016 826 4088 exlinat.
853 4023 950 4085 etex
975 4013 1039 4083 alio
1063 4015 1161 4086 latere
1188 4024 1272 4086 terra
1303 4016 1473 4086 memorati
1502 4016 1599 4086 vestri
1624 4039 1704 4086 mo-

289 4143 428 4222 nasterii.
456 4143 496 4214 de
518 4165 586 4212 uno
609 4138 712 4234 eapite
736 4145 784 4210 est
806 4137 949 4231 egripus.
975 4137 1014 4208 de
1037 4137 1101 4208 elio
1125 4140 1227 4232 capite
1250 4139 1383 4210 hortum
1408 4129 1576 4211 meiuorati
1605 4123 1706 4211 sancti

290 4272 387 4343 vestri
410 4268 595 4341 monasterii
619 4268 743 4361 inquo
767 4275 815 4338 est
837 4265 983 4359 pisohine
1007 4275 1122 4337 vestra.
1146 4267 1195 4336 De
1219 4289 1284 4360 qua
1309 4267 1389 4336 nibil
1413 4267 1496 4336 mibi
1519 4268 1604 4338 intus
1627 4292 1704 4338 me-

287 4404 423 4466 moratas
446 4390 644 4462 coherentias
666 4389 798 4482 aliquod
821 4391 973 4460 remansit
998 4401 1053 4458 aut
1077 4391 1238 4462 reservavi
1257 4413 1315 4460 nee
1330 4390 1364 4458 in
1382 4391 1518 4460 alienam
1535 4413 1705 4482 personam

288 4519 432 4590 commisi
456 4521 654 4610 potestatem.
678 4523 711 4584 et
734 4513 776 4582 bu
799 4535 885 4584 nunc
908 4524 941 4582 et
965 4515 1114 4605 deinceps
1138 4538 1157 4581 a
1181 4535 1234 4582 me
1258 4512 1350 4582 vobis
1374 4521 1406 4583 et
1429 4536 1487 4606 per
1511 4537 1570 4586 ros
1593 4515 1627 4584 in
1649 4530 1704 4586 eo·

290 4645 361 4714 dem
392 4647 502 4710 saneto
526 4645 558 4710 et
581 4636 756 4708 venerabili
780 4646 889 4706 vestro
924 4635 1118 4706 monasterio
1141 4635 1183 4703 sit
1206 4616 1319 4704 offerta
1343 4645 1376 4706 et
1399 4636 1516 4706 traditu
1540 4636 1574 4706 in
1599 4647 1703 4706 vestra

289 4769 499 4862 posterisque.
525 4766 637 4836 vestris
654 4765 718 4836 sint
733 4775 886 4858 potestate
910 4763 1070 4858 quidquid
1094 4761 1210 4834 exinde
1225 4763 1331 4833 lacere
1346 4762 1526 4833 volueritis.
1545 4771 1578 4834 et
1596 4785 1703 4856 neque

291 4921 308 4963 a
333 4919 384 4965 me
408 4903 587 4966 memorato
610 4901 703 4984 petro
727 4889 885 4960 monacho
911 4911 986 4958 eum
1004 4885 1167 4958 voluntate
1183 4897 1360 4958 memorate
1376 4885 1555 4981 beuprarie
1570 4901 1705 4980 cognate
