4854 6528
915 613 1061 710 (rus)
1159 557 1161 560 Ι

279 803 358 854 vero
383 787 560 851 memorata
584 777 686 850 maria
712 776 771 872 qui
794 776 946 850 merenda
971 776 1128 850 clamatur
1150 795 1227 852 cum
1250 780 1415 854 voluntate
1440 789 1610 860 memorati
1634 799 1705 864 stc-

278 907 377 1002 phani
400 905 464 978 riri
486 904 553 976 mei
576 913 609 977 ot
634 926 696 997 ego
719 901 786 976 iam
810 903 895 980 dicta
920 904 1018 976 drosu
1042 927 1119 978 cum
1144 907 1309 982 voluntate
1332 916 1504 986 memorati
1528 916 1615 991 leoni
1639 921 1703 992 viri

279 1033 345 1106 mei
367 1055 473 1127 nequa
498 1055 516 1100 a
540 1030 659 1102 nostris
681 1027 857 1104 heredibus
880 1029 971 1100 nullo
996 1037 1141 1124 tempore
1164 1049 1345 1126 numquam
1363 1043 1400 1108 tu
1416 1051 1595 1118 memorato
1611 1054 1704 1140 petro
1756 1042 1760 1051 ’

279 1165 336 1230 aut
358 1155 492 1230 herodes
515 1155 579 1228 tuis
603 1155 693 1251 quod
716 1154 799 1226 absit
821 1153 965 1227 babeatis
987 1155 1105 1228 exinde
1128 1153 1303 1252 aliqnando
1326 1182 1532 1260 quacumque
1554 1173 1698 1266 requisi.

280 1289 368 1360 tione
391 1292 447 1358 ant
471 1283 617 1358 molestia
640 1305 699 1378 par
722 1281 849 1357 nulium
872 1283 1008 1355 modum
1030 1303 1092 1354 nec
1114 1305 1174 1377 per
1195 1287 1373 1360 summissis
1395 1293 1540 1382 personis
1563 1297 1598 1364 in
1619 1321 1701 1389 per.

280 1421 426 1509 potuum.
443 1414 579 1506 Insuper
602 1409 692 1482 omni
716 1419 861 1504 tempore
884 1431 943 1482 nos
966 1418 999 1481 et
1022 1409 1156 1482 heredes
1179 1415 1296 1484 nostris
1318 1416 1436 1489 exinde
1459 1443 1500 1490 av
1515 1422 1621 1491 omnis
1636 1423 1704 1493 ho-

278 1543 382 1613 mines
404 1539 561 1633 omnique
582 1525 717 1632 persona
742 1537 786 1608 in·
801 1537 952 1610 omnihus
974 1536 1034 1608 tibi
1057 1537 1187 1632 tuisque
1209 1537 1381 1614 heredibus
1404 1553 1560 1618 antestare
1583 1558 1616 1619 et
1639 1551 1703 1622 de-

277 1670 402 1740 fensare
426 1663 610 1735 debeamus
636 1686 676 1734 eo
699 1665 788 1759 qnod
811 1675 849 1736 ut
872 1665 1019 1759 superins
1042 1664 1185 1737 diximus
1206 1663 1277 1759 ipse'
1299 1661 1373 1738 iiro
1388 1677 1420 1740 et
1436 1671 1574 1764 genitori
1591 1685 1701 1750 nostro

278 1819 297 1863 a
320 1802 352 1864 te
376 1792 484 1886 recepi
508 1792 694 1863 memoratis
717 1793 790 1863 auri
813 1793 876 1864 tari
898 1801 1022 1888 septem
1045 1803 1079 1865 ct
1101 1793 1232 1866 bellosa.
1255 1794 1292 1868 Si
1315 1803 1423 1870 autem
1445 1819 1506 1872 nos
1528 1809 1586 1873 aut
1608 1803 1701 1878 here·

281 1919 336 1990 des
359 1916 477 1992 nostris
499 1915 618 2012 quobis
641 1923 786 2010 tempore
809 1925 921 1989 eontra
936 1918 1021 1990 hanc
1037 1917 1217 1992 chartulam
1232 1922 1483 1998 confirmationis
1505 1927 1699 2003 venditionis

157 2065 163 2078 ·
277 2053 315 2114 ut
337 2063 435 2138 super
457 2037 577 2137 legitur
599 2035 711 2114 renir'e
733 2041 1003 2135 presumserimus
1019 2048 1052 2110 et
1066 2041 1200 2114 minimo
1224 2045 1487 2143 atinptebcrirnus
1510 2051 1572 2123 hcc
1597 2058 1705 2128 omnia

280 2179 458 2244 memorata
481 2179 516 2242 et
538 2169 573 2240 in
597 2168 718 2264 aliquid
741 2168 853 2241 offensi
877 2169 1036 2243 fuerimus
1058 2189 1116 2261 per
1140 2169 1257 2262 quohis
1285 2175 1419 2246 modum
1444 2184 1499 2246 aut
1522 2181 1698 2252 summissis

277 2297 423 2394 personis
448 2305 524 2367 tunc
546 2295 774 2390 componimus
797 2293 856 2365 tihi
880 2297 1009 2390 tuisque
1033 2295 1205 2367 hcredihus
1230 2299 1300 2370 auri
1323 2301 1442 2373 solidos
1472 2303 1612 2378 sedecim
1634 2306 1703 2402 hy-

277 2421 436 2494 thianteos
458 2428 492 2492 et
514 2419 576 2488 heo
600 2416 746 2490 chartula
770 2427 807 2484 nt
828 2437 927 2507 snper
951 2416 1070 2506 legitur
1093 2420 1134 2488 sit
1158 2420 1251 2492 firma
1264 2423 1383 2518 scripta
1399 2447 1458 2518 per
1472 2447 1587 2498 manus
1602 2431 1700 2522 sergii

277 2545 441 2641 scriptoris
464 2541 623 2638 discipulo
647 2537 768 2614 domini
791 2537 874 2632 petri
898 2537 1028 2608 curialis
1052 2541 1191 2616 scribere
1215 2556 1347 2644 rogatus
1361 2571 1422 2646 per
1437 2551 1613 2626 indictione
1628 2577 1702 2628 me-

279 2683 403 2747 morata
426 2661 594 2746 undecima
618 2669 650 2766 †
1552 2649 1554 2652 ⁵

281 2776 300 2790 ι’
373 2800 438 2870 hoc
460 2799 590 2894 signnm
612 2797 643 2896 †
665 2819 780 2873 manus
802 2793 977 2874 memorate
1008 2823 1081 2874 rosc
1105 2811 1136 2874 et
1159 2805 1260 2878 marie
1283 2809 1341 2902 qui
1365 2805 1517 2880 mdrcnda
1540 2810 1700 2881 clamatur

278 2941 309 3001 ct
333 2932 431 3002 drosu
456 2951 496 2999 oc
521 2937 568 3000 est
590 2929 746 3021 genitrice
769 2941 802 3002 et
826 2930 906 3001 dhas
929 2940 1106 3002 memorata
1135 2933 1235 3002 maria
1260 2935 1319 3028 qui
1352 2937 1505 3006 merenda
1540 2938 1697 3008 clamatur

261 3121 265 3124 „
278 3081 353 3130 cum
376 3057 541 3130 voluntate
563 3058 736 3130 memorati
759 3058 904 3153 stephani
926 3057 990 3129 viri
1014 3059 1063 3129 sui
1089 3067 1122 3129 et
1144 3068 1322 3132 memorata
1354 3061 1452 3133 drosu
1475 3085 1551 3134 cnm
1575 3063 1700 3134 volun-

278 3195 342 3257 tate
365 3183 536 3257 memorati
558 3182 644 3254 leoni
667 3183 731 3254 riri
754 3184 804 3254 sni
829 3184 917 3278 qnod
941 3205 1003 3277 ego
1027 3185 1085 3276 qui
1106 3194 1301 3257 memoratos
1324 3185 1385 3279 p'ro
1409 3187 1455 3259 cis
1478 3187 1650 3282 subscripsi
1667 3199 1701 3260 et

278 3317 449 3392 memorati
471 3313 533 3385 tari
556 3321 589 3386 et
611 3313 730 3385 bellosa
753 3315 916 3384 confessus
940 3310 1119 3404 percepisse
1142 3307 1174 3402 †

374 3444 405 3543 †
431 3465 493 3537 ego
516 3443 656 3514 steianus
691 3441 776 3513 filins
800 3439 922 3512 domini
953 3436 1055 3530 cesari
1089 3435 1220 3528 rogatus
1245 3458 1264 3502 a
1287 3439 1517 3531 urprascriptas
1548 3463 1700 3534 personas

282 3569 354 3643 testi
378 3565 550 3659 subscripsi
574 3573 607 3636 et
629 3563 836 3660 suprascripti
860 3559 922 3630 tari
946 3569 979 3629 et
1001 3558 1121 3630 hellosa
1146 3558 1308 3628 confessus
1331 3561 1559 3658 percepisse†

372 3690 403 3786 †
443 3697 532 3761 nro
572 3696 824 3761 ornumorc
865 3695 1040 3757 nonore
1078 3662 1140 3758 [n
1172 3659 1225 3755 1'r‘u
1257 3691 1484 3755 cortrone
1516 3692 1545 3756 A
1569 3659 1701 3758 osai}

272 3793 446 3890 ficonne
476 3819 600 3884 reem
631 3793 742 3882 corn
773 3818 832 3880 ne
862 3789 954 3881 ῆι
983 3815 1083 3879 nam
1112 3815 1172 3880 ue
1203 3815 1404 3881 nunnoni
1437 3785 1564 3878 ron}
1594 3785 1702 3881 fien-

278 3951 403 4017 ruccn

373 3941 515 4156 †hr0
539 4041 593 4137 fo
615 4073 789 4138 nmrorc
822 4037 883 4137 hs
914 4069 1104 4138 rnnrorr
1126 4071 1352 4139 norarorc
1375 4069 1405 4133 n
1427 4034 1554 4132 esras
1588 4032 1700 4132 fico-

278 4199 359 4265 nnc
381 4197 506 4266 rucrr
531 4160 645 4267 Ebr'b
668 4191 727 4264 ue
746 4165 841 4264 Ee'r'r
864 4195 965 4266 rtur
986 4197 1047 4264 ue
1070 4197 1272 4266 nurnoca
1294 4163 1420 4262 {obn
1439 4161 1699 4279 ‘usuruccffi
