4900 6528
1423 649 1570 745 (aaa)

1442 939 1564 1011 chx.

1385 1193 1511 1264 Christe
1534 1195 1616 1263 fave.

663 1480 714 1528 an,
878 1448 909 1543 †
931 1453 969 1520 ln
993 1449 1123 1518 nomine
1146 1443 1271 1515 domini
1295 1441 1347 1513 dei
1371 1440 1539 1515 salvatoris
1563 1447 1665 1515 nostri
1690 1443 1786 1518 lbesu
1801 1444 1922 1518 Christi
1944 1446 2123 1543 lmporante
2148 1456 2213 1526 do-

640 1590 725 1658 978.
784 1581 872 1652 mino
898 1583 1006 1646 nostro
1022 1569 1134 1641 basilio
1150 1590 1269 1663 magno
1293 1569 1489 1662 Imperatore
1512 1593 1597 1642 anno
1620 1571 1759 1643 boetavc
1782 1573 1910 1645 decimo
1925 1576 1982 1648 sed
2006 1584 2040 1648 et
2059 1589 2211 1652 constan-

783 1708 850 1778 tino
876 1723 994 1794 magno
1016 1699 1208 1792 imperatore
1225 1719 1309 1766 anno
1325 1697 1567 1792 quintodecimo
1583 1699 1636 1773 die
1653 1700 1775 1773 decima
1790 1705 1908 1776 mamis
1924 1703 2007 1776 iunii
2034 1705 2207 1782 indictione

782 1840 870 1902 sexta
895 1825 1032 1918 neapoli.
1058 1823 1227 1910 Combeuit
1249 1822 1359 1916 itaque
1387 1846 1463 1894 cum
1497 1825 1620 1899 domiui
1648 1825 1763 1900 ausilio
1794 1828 1961 1902 internos
1984 1829 2207 1907 thecdonanda

782 1957 924 2030 nmilem.
950 1952 1186 2025 abbatissimam
1211 1951 1397 2022 monasterii
1421 1953 1522 2024 sancti
1547 1955 1734 2028 marcellini.
1763 1979 1828 2028 una
1843 1980 1918 2028 cnm
1932 1967 2082 2030 cunctam
2097 1969 2207 2038 nostra

781 2083 1029 2180 congregatione
1053 2081 1298 2152 monacharum.
1325 2089 1511 2156 nostrarum
1535 2086 1706 2156 memorati
1723 2087 1824 2157 sancti
1840 2095 1873 2158 et
1888 2087 2079 2163 venerabilis
2105 2091 2208 2162 nostri

780 2212 976 2289 monasterii.
1001 2221 1032 2282 et
1056 2211 1138 2280 inter
1161 2217 1193 2278 te
1217 2208 1367 2283 videlicet
1391 2210 1520 2284 marino
1544 2213 1611 2283 fibo
1639 2213 1805 2310 qnondam
1825 2217 1949 2288 domini
1964 2217 2097 2291 iohanni
2113 2243 2207 2315 qua-

781 2352 873 2412 tenus
897 2339 980 2410 inter
1004 2337 1096 2408 nobis
1119 2336 1288 2410 divisimus
1321 2339 1356 2408 in
1385 2342 1560 2414 secundam
1583 2350 1699 2436 partes.
1724 2343 1808 2412 ldest
1830 2341 1971 2437 integras
1995 2347 2075 2418 duas
2100 2339 2207 2419 terras

780 2489 845 2560 que
870 2473 1025 2535 vocantur
1049 2463 1088 2532 ad
1113 2471 1274 2536 ananum.
1299 2463 1418 2558 positas
1433 2467 1474 2536 ad
1490 2465 1673 2536 subiretarii
1700 2463 1861 2534 territorio
1877 2465 2084 2558 pntbeclano.
2111 2471 2213 2542 Unde

779 2592 871 2664 nobis
894 2603 927 2664 et
950 2592 984 2661 in
1012 2601 1189 2663 memorata
1225 2601 1333 2663 nostra
1368 2593 1617 2687 congregatione
1647 2593 1883 2666 monacharum
1911 2595 2052 2688 pertinet
2085 2595 2210 2670 exinde

779 2720 947 2792 medietate
971 2739 1030 2812 per
1053 2715 1246 2812 dispositum
1270 2720 1437 2814 quondam
1462 2717 1585 2792 domini
1608 2717 1726 2788 marini
1751 2717 1811 2787 thii
1835 2717 1897 2790 tui.
1923 2727 1957 2788 et
1981 2716 2042 2788 tibi
2066 2717 2210 2812 pertinet

779 2846 895 2917 exinde
919 2844 980 2915 alia
1003 2845 1173 2917 medietate
1197 2866 1255 2936 per
1278 2845 1443 2939 quondam
1467 2843 1599 2917 domina
1623 2843 1725 2914 maria
1748 2842 1883 2914 honesta
1906 2841 2026 2914 lemine
2051 2841 2208 2938 genitrice

778 2981 846 3042 tua.
874 2972 914 3043 de
938 2995 1002 3066 qua
1027 2971 1132 3065 tetigit
1155 2971 1272 3044 exinde
1296 2969 1333 3041 in
1355 2979 1534 3044 memorata
1557 2971 1709 3065 portione
1732 2968 1836 3064 prima
1862 2978 1894 3041 te
1917 2979 2097 3042 memorato
2120 2993 2201 3042 ma-

779 3097 863 3168 rino.
887 3098 972 3170 ldest
994 3097 1101 3194 portio
1125 3101 1165 3171 de
1188 3121 1253 3170 nna
1276 3121 1319 3174 ex
1344 3098 1412 3192 ipse
1436 3107 1521 3170 terre
1544 3097 1579 3168 in
1598 3123 1664 3194 qua
1687 3108 1735 3172 est
1759 3095 1958 3192 palmentum
1983 3107 2015 3169 et
2038 3095 2142 3192 gripte
2165 3097 2204 3171 in

779 3225 958 3298 trabes-sum
983 3225 1084 3298 divisa
1107 3226 1171 3306 hoc
1195 3237 1244 3300 est
1267 3250 1286 3295 a
1309 3233 1401 3320 parte
1425 3221 1615 3298 meridiana.
1637 3224 1684 3296 'et
1712 3224 1893 3297 iustarium
1923 3225 1963 3296 de
1987 3249 2052 3320 qua
2075 3224 2204 3320 relique

777 3353 886 3448 portio
910 3378 952 3426 ex
975 3379 1012 3426 ea
1036 3355 1093 3452 qni
1118 3364 1166 3426 est
1190 3379 1209 3424 a
1232 3363 1323 3450 parte
1349 3353 1587 3447 septemtrionis
1610 3362 1644 3425 at
1667 3353 1750 3426 iusta
1776 3363 1861 3426 terra
1887 3353 2072 3427 monasterii
2096 3353 2203 3424 saneti

778 3483 901 3555 dimitri
925 3484 1032 3577 tetigit
1055 3485 1090 3555 in
1119 3484 1269 3579 portione
1301 3483 1441 3555 secunda
1474 3481 1570 3552 sicuti
1594 3482 1678 3553 inter
1701 3503 1736 3556 se
1758 3484 1842 3555 dnos
1866 3483 2012 3554 taminis
2044 3483 2203 3555 exlinant.

776 3605 938 3680 hecbere
961 3609 1069 3703 portic
1093 3631 1169 3681 cnm
1193 3607 1361 3681 arboribus
1385 3619 1418 3680 et
1442 3609 1590 3680 introitas
1613 3631 1686 3682 suas
1711 3617 1744 3681 et
1767 3608 1917 3682 omnibus
1941 3608 1988 3681 eis
2012 3607 2202 3702 pertinenti-

775 3732 844 3807 bus
869 3747 1085 3813 memoratum
1108 3735 1187 3807 bero
1210 3735 1409 3828 palmentum
1432 3743 1466 3806 et
1489 3735 1640 3808 iamdicte
1663 3735 1769 3830 gripte
1794 3745 2016 3809 remanserunt
2031 3735 2116 3807 inter
2131 3757 2201 3805 uoq

774 3864 825 3935 bis
851 3867 1033 3965 nostrisque
1056 3873 1198 3962 posteras
1222 3887 1280 3937 seu
1304 3865 1478 3938 heredibus
1501 3866 1730 3938 communiter.
1757 3865 1811 3938 via
1835 3865 1914 3937 berc
1936 3863 1994 3936 ubi
2017 3863 2112 3935 nobis
2135 3885 2202 3936 ne-

776 4012 862 4062 cessa
886 3992 995 4064 fuerit.
1021 3991 1079 4062 nni
1102 3991 1233 4064 alterius
1257 3990 1342 4062 inter
1366 3989 1460 4062 nobis
1483 3990 1665 4085 nostrisque
1688 3999 1832 4085 posteras
1851 4011 1909 4064 sau
1925 3987 2099 4066 herodibus
2122 3989 2199 4064 doe

776 4117 948 4190 debeamus
972 4140 1112 4212 cumque
1134 4117 1228 4192 nobis
1251 4139 1380 4190 necessa
1403 4116 1514 4188 luerit.
1552 4115 1588 4186 Si
1610 4125 1720 4186 anem
1743 4138 1802 4186 nos
1832 4115 1885 4188 vel
1908 4123 2052 4210 posteras
2075 4122 2199 4185 nocuas

775 4255 832 4317 aut
855 4253 1034 4316 memorato
1057 4255 1166 4317 sancto
1190 4255 1223 4320 et
1246 4245 1423 4318 venerabili
1446 4251 1559 4315 nostro
1583 4245 1779 4323 monastario
1802 4245 1919 4346 qnobis
1943 4253 2089 4338 tempore
2111 4263 2192 4315 ooo·

775 4381 825 4440 tra
860 4371 942 4442 hanc
977 4370 1122 4446 chartula
1154 4368 1407 4444 combenientiao
1440 4366 1616 4442 divisionis.
1648 4378 1686 4440 nt
1716 4393 1813 4465 super
1837 4371 1957 4465 legitur
1980 4369 2091 4440 benire
2119 4389 2197 4462 prc-

773 4501 982 4573 sumserimus
1005 4509 1038 4572 et
1061 4501 1196 4578 minime
1219 4499 1480 4595 atinploberimns
1503 4499 1543 4572 de
1558 4498 1598 4570 iis
1621 4497 1772 4571 omnibus
1794 4497 1980 4572 memoratis
2004 4519 2062 4592 per
2079 4493 2197 4591 quobis

686 4605 691 4626 ’
774 4629 919 4699 modum.
943 4634 1000 4698 ant
1021 4627 1200 4702 summissis
1214 4626 1360 4722 personis
1376 4633 1453 4701 tuno
1465 4623 1679 4719 conponimns
1693 4622 1753 4694 tibi
1768 4623 1910 4718 tuisque.
1935 4621 2110 4696 heredibus
2128 4615 2199 4689 anri

774 4753 896 4846 solidos
909 4757 1024 4851 viginti
1046 4756 1260 4852 bythianteos.
1286 4762 1319 4826 et
1339 4752 1401 4826 hec
1423 4751 1571 4824 chartula
1593 4751 1848 4824 combenientiae
1863 4747 2033 4823 divisionis
2049 4755 2087 4818 ut
2101 4765 2198 4840 snper

773 4883 891 4980 legitur
914 4887 956 4958 sit
980 4887 1087 4958 firma.
1111 4885 1230 4978 scripta
1253 4907 1312 4978 per
1335 4905 1449 4956 manus
1472 4881 1571 4977 sergii
1594 4881 1723 4954 curialis
1747 4881 1887 4956 scribere
1901 4887 2034 4978 rogatus
2057 4901 2116 4975 por
2141 4880 2198 4951 in«-

774 5015 912 5092 dicticne
937 5022 1115 5088 memorata
1137 5019 1228 5084 sexta
1251 5009 1283 5104 †
