4954 6532
989 608 1089 738 <aa

1000 885 1083 961 Lul

428 1137 517 1232 †ln
540 1141 672 1216 nomine
695 1143 819 1218 domini
842 1145 895 1230 dei
917 1145 1085 1220 salvatoris
1106 1145 1210 1217 nostri
1232 1145 1326 1220 ihesu
1348 1144 1460 1216 christi
1476 1144 1652 1236 imperante
1678 1142 1746 1212 ‹lo-
1814 1175 1865 1220 aa.

336 1262 426 1336 mino
449 1276 561 1338 nostro
583 1267 792 1342 Constantino
822 1291 940 1366 magno
962 1271 1157 1366 imperatore
1181 1293 1266 1343 anno
1302 1267 1538 1363 pnedrepcse'mo
1562 1266 1667 1360 primo
1691 1267 1746 1336 scd
1799 1283 1885 1346 949.

337 1399 370 1463 et
395 1415 531 1464 mmano
554 1417 673 1490 magno
696 1396 888 1491 imperatore
911 1398 981 1470 eius
1004 1399 1072 1472 ilio
1096 1421 1180 1470 anno
1202 1407 1319 1494 quarto
1334 1397 1387 1468 die
1406 1394 1640 1490 prtartadcct'mc
1656 1415 1747 1462 oca·

334 1520 376 1591 sie
397 1520 505 1614 aprilis
528 1522 702 1596 indictione
725 1523 861 1618 septima
885 1526 1047 1621 neapolie:
1073 1525 1204 1598 &dnm
1229 1535 1278 1598 est
1299 1547 1358 1596 nos
1381 1521 1587 1596 venetiarum
1610 1517 1774 1610 umilem'

331 1641 521 1735 igumenum
544 1651 725 1722 ammorii
746 1663 931 1722 sanctourm
954 1647 1053 1749 sergii
1079 1662 1112 1726 ct
1134 1650 1246 1725 cesebi
1269 1649 1327 1748 qui
1349 1672 1435 1720 nunc
1459 1627 1672 1744 congregatus
1696 1655 1743 1718 est

330 1766 367 1838 in
389 1773 583 1842 monasterio
605 1784 790 1848 sanctorum
812 1777 960 1850 theodori
984 1789 1017 1852 et
1039 1779 1208 1852 revestiani
1231 1779 1288 1872 pai
1309 1777 1485 1870 mrpcllntur
1508 1772 1667 1866 casapicta
1694 1771 1747 1840 si·

331 1899 407 1961 tum
436 1893 472 1964 in
499 1895 681 1968 viridiario.
717 1900 789 1970 Una
826 1923 902 1972 cnm
928 1913 1026 1974 cunta
1058 1900 1307 1996 congregatione
1330 1897 1565 1970 monachorum
1587 1893 1744 1964 nominati

333 2016 434 2084 sancti
456 2019 559 2088 nostri
582 2022 794 2092 monasterii:
821 2025 851 2094 A
873 2026 1014 2118 presenti
1029 2025 1082 2098 die
1109 2023 1324 2119 promtissima
1351 2023 1536 2092 voluntate:
1556 2017 1749 2088 Commuta-

331 2137 441 2210 bimus
478 2152 511 2212 et
533 2144 720 2218 tradidimus
745 2149 840 2220 vobis
861 2150 915 2221 leo
938 2151 1024 2224 filins
1046 2151 1178 2246 quidem
1201 2147 1337 2242 eligenti
1359 2155 1392 2218 et
1413 2147 1515 2216 maria
1536 2145 1670 2217 honesta
1693 2147 1747 2212 fe-

333 2262 420 2334 mina
458 2288 502 2336 ec
533 2277 581 2340 est
604 2269 756 2366 iugales:
783 2277 877 2370 lDest
907 2277 1033 2370 integra
1061 2278 1209 2370 portione
1232 2278 1273 2347 de
1297 2276 1443 2345 domum.
1468 2282 1501 2344 et
1524 2273 1564 2345 de
1587 2280 1689 2342 carte.
1715 2281 1747 2340 et

333 2390 504 2464 horticello
529 2394 587 2464 nbi
611 2403 659 2466 est
681 2399 847 2468 cetrarins.
866 2399 924 2488 qui
940 2407 988 2469 est
1010 2398 1199 2468 coniunctus
1221 2419 1297 2466 cum
1311 2396 1473 2468 nominata
1486 2408 1575 2468 corte
1591 2407 1747 2490 quantam

233 2592 239 2602 .
334 2528 367 2590 et
389 2519 557 2614 quomodo
589 2517 652 2590 snit
670 2521 778 2614 portio
801 2520 934 2614 quidem
959 2521 1097 2594 theodori
1118 2543 1274 2616 germano
1297 2531 1329 2592 et
1352 2529 1489 2617 cognato
1512 2533 1619 2596 vestro
1642 2541 1747 2617 prtem

333 2666 386 2716 cos
402 2643 479 2738 ipsis
502 2643 619 2740 tetigit.
647 2653 680 2717 et
702 2646 737 2718 in
759 2647 925 2718 nominato
948 2661 1058 2719 sancto
1080 2657 1192 2720 nostro
1214 2649 1409 2721 monasterio
1432 2649 1589 2724 hobucnit
1606 2671 1669 2742 pre
1692 2673 1747 2721 aa·

333 2770 467 2842 atace:
496 2771 609 2842 aalide:
639 2771 771 2868 apsidem
801 2773 948 2846 leontnm
982 2776 1102 2848 coniux
1133 2775 1266 2872 quidem
1301 2777 1457 2848 nominati
1494 2777 1642 2852 theodori
1664 2800 1747 2872 ger-

334 2915 431 2966 mano
447 2904 480 2966 et
494 2905 628 2990 cognato
651 2905 758 2970 restro
781 2897 902 2970 dimisit
921 2921 980 2993 per
1003 2921 1093 2971 amm
1115 2902 1303 2992 detpontam
1326 2903 1361 2974 in
1376 2902 1543 2974 nominato
1558 2913 1668 2976 sancto
1684 2925 1746 2975 no-

332 3027 400 3090 stro
422 3022 615 3096 monasterio
637 3034 672 3098 et
692 3027 874 3102 nominatas
893 3026 1013 3100 solidos
1036 3028 1119 3100 liant
1141 3029 1261 3102 solidos
1276 3040 1406 3102 centum
1429 3031 1641 3125 qnadraginta
1664 3033 1745 3104 dnos

332 3152 507 3240 tytiaatcoe.
539 3155 643 3246 posite
676 3178 748 3226 cere
779 3155 944 3228 nominata
983 3158 1127 3230 domum.
1163 3165 1197 3230 et
1228 3155 1418 3232 iamdictam
1449 3155 1581 3230 hortum
1605 3158 1640 3230 in
1672 3158 1747 3229 rico

331 3275 389 3368 qui
424 3275 609 3348 nominatur
642 3278 812 3352 ficariols:
837 3301 902 3352 ana
924 3303 1000 3354 cnm
1022 3281 1173 3354 alaeribm
1195 3289 1229 3354 et
1249 3283 1419 3375 arpenslm
1441 3283 1603 3354 aaronica
1626 3280 1746 3352 tracti-

332 3401 407 3472 tarn
435 3405 487 3474 vel
510 3403 715 3478 infructiferis
750 3407 847 3480 simul
869 3429 946 3480 cnm
972 3407 1105 3480 introito
1139 3427 1200 3478 sno
1222 3405 1460 3500 hominibusque
1484 3406 1530 3476 eis
1553 3406 1746 3497 pertineati-

331 3521 397 3594 tas.
432 3527 516 3598 aede
550 3528 630 3600 nihil
663 3529 757 3602 nobis
792 3531 832 3604 dc
854 3531 1028 3604 homnibus
1062 3529 1233 3604 mminatis
1267 3529 1401 3624 aliquod
1424 3526 1579 3602 remamit
1604 3539 1661 3596 aut
1684 3547 1746 3600 rc-

329 3653 563 3726 scrvalririmue
593 3677 653 3727 nec
675 3655 711 3728 in
733 3655 838 3728 alena
869 3677 1006 3750 persona
1037 3657 1244 3728 romaicam
1275 3659 1457 3756 potestate:
1495 3657 1630 3743 excepto
1663 3650 1756 3724 ’nrm'

329 3791 428 3866 grum
456 3771 589 3848 hortum
611 3777 699 3872 qnod
722 3775 843 3847 detinet
865 3773 1048 3842 namnam:
1070 3780 1198 3841 maetm
1220 3780 1332 3842 muter
1352 3767 1579 3840 monasterias
1598 3772 1686 3864 quod
1710 3772 1745 3842 in

328 3906 438 3968 aesna
457 3897 645 3988 puteisque
666 3895 784 3966 nostris
806 3893 1073 3966 munivimus
1096 3901 1276 3986 potestate:
1301 3891 1350 3962 lta
1375 3903 1412 3962 ut
1438 3891 1482 3964 lta
1497 3914 1583 3963 nunc
1599 3902 1633 3966 et
1647 3893 1746 3966 dein-

330 4043 403 4115 ocps
438 4020 602 4094 nominata
634 4020 759 4112 integra
791 4015 944 4112 portione
967 4016 1006 4088 dc
1029 4015 1195 4088 aoniam
1227 4017 1328 4088 domu
1351 4023 1385 4090 et
1407 4017 1448 4090 de
1470 4016 1620 4090 iamdicta
1653 4027 1752 4108 carte,

329 4147 424 4218 etde
448 4144 649 4214 nominatum
671 4141 879 4216 horticellum
902 4139 961 4214 ani
983 4149 1032 4215 est
1055 4139 1211 4212 comedin
1234 4141 1295 4236 qni
1317 4150 1366 4214 cst
1389 4135 1542 4230 coniunta
1575 4165 1646 4214 ocra
1676 4163 1745 4214 no-

333 4271 450 4344 minata
483 4277 575 4341 curte
603 4277 760 4364 quantum
788 4277 821 4340 et
857 4267 1021 4362 mamerto
1043 4267 1106 4340 fait
1127 4267 1238 4362 portio
1261 4268 1395 4362 quidem
1418 4269 1574 4338 nominati
1596 4268 1745 4342 theodori

329 4417 483 4488 germano
518 4406 552 4470 et
572 4403 712 4490 cognato
745 4403 854 4466 rsatm
877 4417 943 4488 qne
965 4419 985 4464 r
1008 4415 1068 4466 ros
1091 4393 1170 4488 ipsis
1191 4392 1308 4486 tetigit
1331 4401 1365 4464 et
1387 4391 1423 4464 in
1445 4393 1612 4464 nominato
1633 4403 1745 4466 sancto

330 4531 441 4594 nostm
473 4520 669 4594 monasterio
699 4519 856 4592 hobaenit
886 4537 948 4609 pro
970 4516 1152 4588 nominatos
1185 4515 1306 4588 scidas
1341 4515 1555 4610 quiquidem
1579 4515 1746 4586 nominata

331 4649 475 4722 leuatam
505 4648 627 4720 coniux
660 4645 818 4718 nominati
841 4643 991 4716 theodori
1013 4665 1168 4738 germano
1192 4651 1226 4716 et
1249 4652 1388 4736 cognato
1410 4651 1519 4712 restro
1542 4643 1662 4714 dimisit
1684 4664 1745 4734 per

329 4799 426 4847 suam
448 4776 639 4869 dispositum
660 4775 696 4846 in
719 4775 886 4847 nominato
908 4787 1014 4846 macto
1036 4787 1135 4843 rutro
1156 4771 1342 4846 amaseae
1364 4779 1397 4842 et
1419 4773 1602 4842 nominatos
1624 4769 1745 4841 solidoe

332 4907 411 4978 irmt
445 4901 563 4976 solidos
595 4915 726 4976 centnm
759 4899 972 4998 quadraginta
999 4899 1082 4972 diros
1114 4896 1308 4994 hytisnteos.
1339 4896 1447 4992 posits
1471 4919 1553 4970 cero
1575 4897 1742 4968 nominata
1814 4945 1819 4954 .
