4854 6528
1442 737 1585 836 (τίν)

802 910 882 985 dum
905 918 1076 984 nostrum:
1112 907 1206 982 Unde
1239 905 1316 978 alias
1347 903 1500 980 medietas
1526 905 1644 979 exinde
1668 926 1687 973 a
1709 909 1801 997 parte
1824 899 1998 974 occidentis
2022 899 2113 975 benit
2135 904 2228 976 robis

803 1042 839 1112 in
864 1046 1044 1111 memorato
1068 1044 1175 1108 vestro
1192 1031 1386 1104 monasterio
1409 1031 1493 1102 iusta
1516 1037 1694 1102 memorata
1709 1035 1795 1099 terra
1810 1027 1982 1098 memorati
1997 1029 2095 1100 vestri
2111 1051 2228 1100 mona·

804 1168 893 1242 aterii
917 1167 975 1263 qui
998 1165 1061 1237 tuit
1075 1165 1115 1237 de
1138 1168 1319 1234 memorato
1342 1160 1501 1231 timotheo
1523 1180 1660 1230 monaco
1683 1165 1792 1228 vestro
1817 1155 1877 1250 qui
1899 1155 1935 1226 in
1957 1155 2091 1228 laicatus
2115 1165 2228 1230 taurus

804 1294 1006 1367 vocabatur:
1045 1291 1211 1384 quomodo
1244 1283 1327 1358 iuter
1350 1287 1419 1380 ipsa
1440 1285 1589 1379 portione
1612 1291 1719 1356 vestra
1741 1283 1800 1378 qui
1824 1293 1873 1354 eet
1898 1307 1917 1352 a
1941 1293 2031 1378 parte
2054 1283 2227 1358 occidentis

805 1419 890 1490 inter
913 1417 980 1511 ipsa
1005 1413 1153 1508 portione
1176 1421 1285 1480 nostra
1308 1408 1366 1502 qui
1390 1415 1438 1478 est
1467 1433 1486 1476 a
1519 1416 1610 1502 parte
1632 1408 1790 1481 horientis
1813 1419 1878 1481 tres
1907 1411 2057 1482 termines
2080 1411 2227 1483 exfinatt

806 1546 915 1640 primo
949 1538 1085 1609 termine
1115 1555 1336 1606 marmoreum
1368 1535 1458 1629 qnod
1482 1542 1530 1606 est
1551 1535 1635 1608 silici
1664 1537 1723 1630 qui
1754 1546 1803 1607 est
1831 1538 1924 1610 fietus
1956 1539 1991 1609 in
2013 1551 2231 1612 memoratum

809 1667 955 1760 egripum
980 1685 999 1730 a
1022 1667 1113 1755 parte
1135 1657 1312 1729 meridiana
1334 1660 1394 1755 qui
1416 1669 1465 1732 est
1488 1659 1573 1732 iuter
1597 1661 1665 1756 ipsa
1688 1669 1773 1733 terra
1799 1671 1832 1733 et
1846 1672 2061 1736 memoratum
2077 1689 2231 1764 eampum

808 1793 866 1886 qni
889 1797 1023 1860 vocatur
1046 1785 1230 1857 eutitianum
1254 1797 1288 1855 et
1310 1795 1435 1858 retrum
1465 1785 1500 1857 in
1523 1789 1700 1860 secundum
1727 1789 1894 1862 terminem
1916 1791 1975 1885 qui
1998 1803 2046 1862 est
2070 1792 2163 1862 fietus
2195 1795 2230 1864 in

807 1919 914 1990 medio
938 1917 1007 1988 loca
1032 1924 1064 1988 et
1096 1917 1137 1986 ab
1168 1917 1239 2009 ipso
1267 1917 1408 1988 meundo
1432 1917 1569 1988 termine
1592 1926 1716 1989 retrum
1746 1918 1781 1988 in
1803 1919 1899 1990 tertio
1921 1919 2057 1991 termine
2079 1921 2228 1995 similiter

808 2064 1026 2116 marmoreum
1051 2042 1109 2138 qui
1132 2049 1180 2112 est
1202 2041 1295 2114 fietus
1319 2053 1353 2114 et
1376 2043 1497 2114 exfinat
1523 2045 1607 2115 iuter
1630 2054 1806 2118 memorata
1835 2057 1919 2118 terra
1954 2057 1987 2120 et
2016 2059 2231 2120 memoratum

810 2169 964 2264 gualdum
988 2177 1134 2240 nostrum
1156 2167 1215 2262 qui
1238 2177 1286 2239 est
1308 2193 1327 2238 a
1352 2177 1442 2261 parte
1464 2171 1722 2263 septemtrionis:
1758 2181 1792 2244 et
1824 2172 1898 2243 abet
1920 2184 2098 2245 memorata
2122 2175 2230 2268 portio

811 2309 918 2370 restra
941 2317 1171 2390 permensum
1195 2295 1235 2366 da
1260 2304 1477 2365 memoratum
1501 2295 1670 2369 terminem
1692 2296 1749 2392 qni
1773 2309 1822 2368 est
1844 2299 1937 2371 fietus
1960 2301 1992 2371 in
2014 2313 2229 2374 memoratum

811 2427 961 2520 egripum
985 2425 1043 2519 qui
1066 2433 1113 2496 est
1130 2448 1147 2494 a
1166 2433 1256 2518 perte
1280 2423 1457 2496 meridiana
1472 2432 1505 2495 et
1520 2447 1643 2519 usque:
1670 2437 1703 2495 at
1726 2435 1941 2496 memoratum
1965 2429 2136 2501 terminem
2161 2443 2232 2502 ter-

814 2554 897 2624 tium
920 2552 978 2648 qui
1001 2551 1121 2623 exfinat
1142 2552 1226 2623 inter
1242 2561 1416 2649 memorata
1433 2565 1518 2622 terra
1542 2563 1574 2623 et
1597 2563 1813 2624 memoratum
1836 2554 1989 2646 gualdum
2008 2565 2157 2628 nostrum
2178 2560 2235 2653 qui

814 2689 862 2750 est
885 2703 904 2748 a
928 2687 1017 2772 parte
1039 2643 1276 2770 septemtrionis
1300 2677 1383 2770 passi
1405 2677 1570 2768 sexaginta
1593 2686 1681 2749 tres:
1707 2678 1879 2749 etiterum
1902 2703 1921 2748 a
1945 2690 2034 2771 parte
2058 2681 2265 2755 occidentis·

815 2805 899 2876 iusta
922 2813 1098 2875 memorata
1124 2812 1209 2872 terra
1232 2802 1289 2897 qui
1305 2803 1366 2873 luit
1388 2804 1558 2875 memorati
1574 2798 1721 2873 timothei
1738 2801 1887 2874 monaehi
1904 2805 2001 2876 vestri
2018 2805 2058 2875 ab
2075 2807 2138 2878 alio
2162 2821 2237 2882 ter-

816 2932 938 3004 minem
961 2931 1019 3025 qui
1043 2940 1092 3001 est
1113 2931 1206 3002 lictus
1229 2930 1264 3002 iu
1287 2939 1500 3002 memoratum
1525 2931 1641 3025 egripu
1672 2931 1755 3002 inter
1779 2941 1955 3003 memorata
1983 2943 2067 3008 terra
2091 2947 2123 3008 et
2145 2949 2231 3009 terra

818 3066 924 3124 vestra
947 3064 1123 3126 memorata
1147 3054 1205 3148 qui
1227 3055 1289 3124 fult
1312 3055 1482 3126 memorati
1505 3055 1652 3126 timothei
1668 3079 1790 3150 usque:
1817 3067 1850 3128 at
1873 3057 1973 3130 ulium
1991 3061 2159 3134 terminem
2175 3065 2235 3158 qui

820 3193 869 3254 est
899 3207 917 3251 a
939 3192 1030 3276 parte
1052 3182 1287 3276 septemtrionis
1310 3183 1395 3252 inter
1419 3191 1634 3253 memoratum
1656 3183 1810 3275 gualdum
1833 3195 1980 3257 nostrum
2004 3197 2036 3258 et
2059 3199 2238 3262 memorata

819 3318 922 3378 terras
954 3317 1074 3378 vestras
1102 3317 1135 3378 et
1157 3317 1333 3379 memorata
1356 3306 1442 3378 halia
1465 3315 1549 3376 terra
1572 3315 1702 3378 vestra:
1728 3307 1787 3402 qui
1810 3309 1874 3380 suit
1896 3313 2065 3383 memorati
2090 3315 2239 3387 timothei

820 3433 905 3528 passi
921 3435 1085 3526 sexaginta
1098 3436 1256 3529 quimque
1271 3445 1303 3506 et
1319 3459 1338 3503 a
1361 3444 1449 3527 parte
1464 3433 1638 3505 meridiana
1655 3458 1713 3528 per
1730 3435 1834 3528 ipsum
1849 3438 1998 3532 egripum
2022 3466 2040 3510 a
2058 3453 2240 3515 memorato

820 3562 928 3655 primo
951 3561 1122 3632 terminem
1145 3561 1203 3654 qui
1227 3571 1276 3630 est
1298 3561 1391 3630 fietus
1414 3560 1497 3631 inter
1528 3573 1706 3633 memorata
1739 3563 1907 3635 medietate
1936 3576 2043 3637 nostra
2066 3569 2124 3663 qui
2149 3581 2196 3640 est
2219 3596 2241 3640 a

820 3695 912 3780 purte
935 3686 1068 3757 orientis
1091 3693 1124 3755 et
1137 3684 1222 3755 inter
1245 3693 1422 3756 memorata
1446 3683 1614 3758 medietate
1637 3697 1742 3759 vestra
1766 3689 1824 3781 qni
1848 3697 1897 3760 est
1919 3715 1937 3759 a
1962 3701 2052 3785 parte
2067 3694 2244 3766 occidentis

821 3839 947 3912 nequet
981 3817 1022 3886 ad
1046 3817 1150 3910 ipsum
1176 3813 1277 3886 elium
1300 3814 1470 3886 terminem
1494 3815 1555 3912 qui
1578 3824 1627 3887 est
1649 3817 1742 3888 fietus
1764 3817 1848 3889 inter
1871 3831 2048 3892 memorata
2071 3823 2243 3896 medietate

821 3953 926 4014 vestra
951 3947 1091 4036 quivos
1115 3969 1132 4012 a
1158 3967 1216 4014 nos
1238 3943 1346 4034 tetigit
1368 3952 1402 4014 et
1417 3943 1500 4014 inter
1524 3944 1687 4015 nominata
1712 3956 1795 4018 terra
1815 3953 1922 4018 vestra
1946 3947 2004 4042 qui
2028 3951 2089 4020 tuit
2111 3973 2246 4023 memo-

820 4067 883 4137 rati
909 4065 1055 4136 timothei
1080 4066 1231 4138 monachi
1255 4065 1352 4137 vestri
1375 4065 1473 4138 habet
1495 4071 1577 4160 passi
1599 4069 1850 4159 sexagintndui:
1886 4083 1919 4143 et
1943 4097 1962 4144 a
1985 4084 2075 4168 parte
2097 4085 2246 4170 septem-

822 4195 936 4268 trionis
958 4195 1043 4265 inter
1066 4204 1282 4266 memoratum
1298 4196 1455 4290 gualdum
1479 4207 1625 4268 nostrum
1648 4203 1681 4266 et
1700 4195 1783 4267 inter
1799 4198 1883 4291 ipsas
1898 4209 2000 4274 terras
2013 4214 2135 4276 vestras
2150 4227 2248 4300 quo-

821 4325 920 4396 modo
944 4332 1008 4396 tres
1023 4322 1175 4395 termines
1200 4323 1329 4396 exfinat.
1353 4326 1494 4415 leuper
1518 4319 1646 4391 definivi
1671 4319 1839 4393 vobiscum
1854 4335 1888 4395 et
1910 4324 1952 4400 de
1966 4341 2143 4402 memorata
2159 4342 2248 4403 terra

820 4459 929 4524 'vestra
943 4451 1001 4545 qui
1018 4449 1081 4520 suit
1096 4449 1266 4522 memorati
1284 4445 1429 4518 timothei
1444 4441 1595 4512 monaehi
1611 4444 1709 4514 vestri
1723 4445 1782 4540 qui
1797 4445 1832 4516 in
1846 4447 1977 4520 laicatus
2002 4463 2113 4524 taurus
2137 4479 2247 4526 voea-

823 4579 918 4651 batur
934 4578 992 4672 qui
1004 4588 1052 4649 est
1066 4577 1151 4650 iusta
1167 4581 1342 4646 memorata
1361 4579 1446 4638 terra
1460 4588 1558 4662 quem
1573 4591 1633 4641 νοε
1646 4595 1664 4640 a
1679 4593 1738 4642 nos
1754 4572 1858 4666 tetigit
1873 4574 1976 4668 posita
1994 4576 2028 4646 in
2041 4580 2157 4652 eodem
2171 4582 2247 4654 loeo

826 4701 1016 4775 eicanellum
1040 4701 1099 4796 qui
1123 4702 1163 4771 ud
1186 4699 1254 4789 ipsa
1270 4703 1356 4764 terra
1378 4693 1550 4764 memorati
1574 4695 1732 4768 timotheo
1755 4699 1916 4771 monacho
1931 4715 2039 4774 vestro
2055 4704 2152 4776 habet
2166 4708 2248 4780 fines

826 4855 845 4900 a
868 4839 959 4924 parte
982 4824 1137 4898 horientis
1161 4827 1337 4892 memorata
1353 4826 1439 4889 terra
1455 4819 1513 4913 qni
1537 4841 1596 4890 vos
1620 4845 1639 4888 a
1662 4841 1721 4891 nos
1745 4822 1849 4915 tetigit
1872 4823 1968 4897 sicuti
1983 4829 2153 4900 memorati
2170 4847 2245 4902 ter-

825 4955 929 5024 mines
952 4951 1096 5021 exfinat:
1123 4955 1156 5016 et
1171 4943 1213 5013 ha
1237 4952 1327 5038 parte
1342 4943 1518 5015 meridiana
1534 4955 1584 5016 est
1600 4945 1749 5038 egripum
1768 4949 1808 5018 de
1826 4963 2041 5022 memoratum
2066 4975 2182 5049 campu
2206 4956 2248 5028 de

824 5079 1013 5149 eutitianum
1037 5072 1127 5142 etin
1151 5070 1352 5164 aliquantum
1383 5069 1423 5140 de
1457 5069 1510 5140 via
1543 5069 1602 5165 qui
1635 5069 1723 5141 badit
1750 5071 1835 5142 inter
1858 5073 1925 5166 ipsu
1961 5087 2048 5147 terra
2071 5089 2103 5149 et
2126 5103 2246 5175 campa
