4876 6532
876 680 995 776 ‹a›

233 843 367 915 modum
392 847 448 911 aut
472 835 647 908 summissis
681 831 827 928 personis
861 845 937 903 tunc
966 855 1125 928 compono
1150 859 1212 929 ego
1235 837 1423 910 etheredus
1447 843 1527 915 meis
1551 847 1642 917 vobis

232 968 411 1060 vestrisque
433 964 605 1035 heredibus
618 961 688 1030 auri
704 958 822 1030 solidos
846 959 1015 1051 duodecim
1031 961 1232 1056 bytbianteos
1256 973 1288 1032 et
1309 963 1370 1034 hec
1393 962 1538 1036 chartula
1556 991 1643 1040 ven-

234 1092 364 1164 ditionis
389 1101 424 1160 ut
445 1111 542 1183 super
563 1085 682 1180 iegitur
717 1083 760 1152 sit
792 1085 911 1158 firma:
946 1083 1063 1178 scripta
1094 1109 1152 1180 per
1174 1108 1308 1158 manum
1338 1085 1485 1160 iohannis
1508 1093 1637 1164 curialis

233 1242 294 1313 per
315 1223 493 1291 memorata
517 1211 690 1286 indictione
713 1207 745 1304 †

323 1341 386 1412 boc
409 1339 539 1433 siguum
560 1335 593 1430 †
614 1355 728 1408 manus
750 1332 921 1404 memorati
934 1335 1037 1406 voniti
1059 1358 1135 1406 cum
1158 1357 1348 1408 consensum
1364 1359 1458 1407 maru
1474 1339 1638 1432 comugim

233 1488 289 1536 sue
313 1465 401 1560 quod
423 1485 486 1558 ogo
508 1461 566 1558 qui
588 1465 783 1532 memoratos
806 1479 867 1549 pro
889 1456 936 1528 eis
959 1458 1130 1552 subscripsi
1152 1468 1184 1531 et
1206 1459 1376 1530 memorati
1403 1461 1464 1530 tari
1478 1463 1639 1534 coufessus

230 1593 417 1686 percepisse.

326 1714 442 1809 †ego
465 1735 561 1786 ursus
592 1714 676 1786 iilius
708 1711 830 1786 domini
861 1713 943 1808 petri
976 1721 1109 1808 rogatus
1130 1737 1150 1782 a
1173 1709 1389 1806 suprascripto
1420 1711 1526 1806 iugale
1564 1718 1636 1786 testi

228 1840 402 1934 subscripsi
425 1850 458 1910 et
480 1838 684 1930 suprascripti
707 1837 769 1907 tari
792 1839 955 1908 consessus
979 1837 1154 1930 percepisse
1178 1834 1209 1930 †

326 1961 357 2056 †
381 1986 443 2056 ego
466 1967 605 2035 stefanus
627 1965 711 2034 iilius
733 1963 856 2036 domini
885 1962 1032 2034 iohannis
1062 1973 1193 2054 rogatus
1227 1985 1246 2030 a
1276 1961 1506 2057 suprascriptos
1529 1963 1636 2056 iugale

227 2090 302 2160 testi
325 2087 496 2179 subscripsi
520 2096 552 2158 et
574 2085 779 2178 suprascripti
804 2086 864 2156 tari
887 2087 1047 2156 confessus
1070 2083 1287 2178 percepise†

323 2209 439 2302 †ego
461 2209 615 2280 iohannes
646 2209 731 2280 fitius
763 2207 888 2279 domini
920 2210 1036 2282 marini
1069 2219 1202 2306 rogatus
1233 2233 1253 2281 a
1287 2212 1500 2306 suprascripto
1524 2214 1631 2307 iugale

229 2333 300 2406 tacti
323 2329 521 2424 subscripsi,
547 2343 580 2402 et
602 2332 809 2424 suprascripti
832 2332 893 2400 tari
916 2335 1077 2402 consessus
1099 2333 1278 2422 percepisse
1301 2334 1332 2425 †

322 2454 448 2548 †Ego
471 2453 625 2524 iohannes
649 2452 783 2522 Curialis
809 2453 868 2544 qui
891 2459 1087 2520 memoratos
1119 2459 1190 2542 post
1211 2451 1475 2545 subscriptionem
1505 2459 1633 2532 testium

228 2581 392 2676 complevi
415 2591 447 2652 et
470 2579 592 2652 absolvi
615 2601 673 2674 per
696 2585 872 2652 memorata
895 2575 1132 2673 quintadecima
1155 2577 1327 2656 indictione
1351 2581 1382 2672 †
