4876 6532
1395 647 1406 742 t
1429 657 1470 720 ⁸4
1496 650 1513 743 )

740 805 933 880 seminatum
957 823 1016 877 nos
1040 803 1079 876 de
1103 802 1172 898 ipsa
1196 804 1303 898 portio
1332 813 1442 877 nostro
1464 803 1613 900 porgiorc
1642 807 1824 880 devoomus.
1851 813 1884 878 et
1899 804 1927 877 si
1940 815 1971 880 te
1987 813 2168 902 oportuecit

744 932 837 1006 nobis
862 933 940 1004 dure
964 931 1072 1024 ipsum
1094 929 1268 1024 picciolum
1292 928 1388 1025 quode
1411 929 1533 1003 iustum
1560 930 1658 1003 fuerit
1692 931 1733 1002 ad
1755 951 1951 1024 soccspnnna
1984 936 2167 1012 iaciendum

741 1059 829 1155 ipsos
852 1057 1041 1153 hoperarios
1066 1053 1125 1151 qui
1148 1053 1405 1127 bendeminveris
1430 1055 1471 1128 do
1494 1054 1563 1149 ipso
1584 1053 1754 1127 sexuncios
1776 1065 1900 1127 nostres
1923 1079 1982 1128 nos
2016 1061 2063 1132 eis
2094 1088 2166 1160 par.

743 1183 833 1279 ginre
857 1185 1042 1256 densamus.
1072 1190 1106 1252 et
1132 1179 1160 1251 si
1185 1179 1279 1250 nobis
1301 1185 1516 1251 memoratum
1537 1176 1710 1272 piceiolum
1727 1198 1794 1250 nou
1808 1178 1959 1251 dederitis
1981 1188 2167 1260 memoratis

743 1310 897 1407 operariis
920 1310 977 1405 qui
1000 1306 1255 1381 hendomioveris
1285 1306 1325 1376 de
1348 1325 1520 1376 commune
1542 1303 1689 1399 pergine
1712 1304 1906 1378 devenmusz
1923 1315 1958 1377 et
1972 1311 2166 1410 quandoque

740 1439 817 1514 illuc
841 1447 874 1511 nt
888 1436 1140 1528 recolligendum
1156 1432 1335 1505 direxeritis
1351 1456 1415 1504 unu
1430 1454 1567 1526 persono
1580 1438 1687 1503 vestro
1709 1441 1743 1504 et
1757 1431 1914 1506 obulum
1928 1444 2071 1512 uestrum
2086 1462 2164 1514 nu.

744 1565 820 1636 trire
844 1583 903 1634 nos
921 1563 1095 1631 deveomus
1111 1565 1148 1628 ut
1170 1557 1291 1630 iustum
1307 1557 1418 1629 fucrit:
1436 1565 1468 1628 et
1483 1557 1571 1629 nullo
1586 1558 1686 1630 modo
1708 1560 1899 1656 presnmotis
1913 1562 2015 1636 tunel
2029 1569 2166 1659 posteris

740 1691 805 1764 tuis
833 1691 1027 1760 memoratos
1054 1691 1155 1753 terrm
1179 1682 1271 1754 nobis
1297 1683 1479 1779 nostrisque
1503 1681 1676 1756 heredibus
1701 1683 1814 1756 tollere
1843 1707 1901 1779 pes
1929 1685 2054 1760 nullum
2084 1715 2164 1763 mo-

740 1815 819 1888 dum
852 1831 935 1880 vene
964 1813 997 1879 ct
1025 1807 1193 1904 diligenter
1220 1830 1279 1878 nos
1316 1814 1349 1879 et
1375 1805 1511 1878 hoedos
1541 1807 1662 1878 nostris
1699 1805 1879 1880 invocantes
1908 1821 1941 1881 et
1968 1811 2165 1907 sdmplentos

738 1937 886 2012 omnibus
913 1936 1082 2008 memorati
1119 1943 1157 2006 ut
1193 1934 1430 2030 supertegitur
1452 1934 1530 2028 quia
1554 1933 1711 2007 itointer
1736 1935 1830 2006 nohis
1856 1937 1967 2010 stetit:
1999 1940 2033 2010 Si
2055 1955 2162 2017 summ

739 2062 831 2135 aliter
849 2059 1022 2134 tecenimus
1043 2067 1076 2132 et
1089 2057 1224 2132 minime
1246 2057 1529 2152 adimpleverimus
1544 2079 1602 2128 nos
1624 2057 1678 2128 vel
1692 2057 1826 2130 heredes
1850 2062 1967 2134 nostris
1983 2061 2023 2136 de
2042 2066 2069 2138 is
2085 2089 2161 2144 onn-

738 2190 834 2264 nibus
860 2187 1045 2261 memoretis
1071 2209 1131 2282 per
1162 2183 1278 2281 quobis
1307 2183 1443 2256 modum
1472 2193 1528 2254 out
1557 2184 1734 2256 summissis
1756 2163 1904 2279 'posous
1928 2197 2003 2262 tunc
2027 2215 2161 2288 compo-

738 2319 846 2390 nimus
871 2315 931 2388 tibi
963 2313 1093 2411 tuisque
1123 2312 1260 2408 posteris
1277 2309 1349 2384 ouri
1375 2311 1494 2384 solidos
1507 2311 1677 2382 duodecim
1698 2311 1899 2406 bythianteos
1922 2323 1955 2387 et
1980 2317 2040 2390 heo
2060 2319 2160 2392 chor-

738 2445 806 2520 tnln
831 2453 869 2516 ut
891 2464 988 2536 super
1016 2439 1135 2535 legitur
1162 2439 1204 2511 sit
1235 2438 1348 2510 mmo:
1381 2436 1499 2530 scriptu
1526 2455 1586 2528 per
1610 2455 1725 2510 mouns
1752 2441 1836 2534 petri
1856 2443 1986 2520 curiatis
2016 2445 2158 2524 scrihere

735 2575 866 2665 rogatus
889 2588 947 2662 per
973 2563 1148 2638 indictione
1181 2569 1358 2636 memorato
1390 2553 1537 2650 terdn†

830 2695 894 2768 hoc
917 2694 1047 2788 signum
1070 2690 1102 2790 †
1127 2714 1240 2767 manus
1262 2681 1431 2765 memorati
1455 2691 1609 2787 grogorii.
1645 2691 1775 2787 signmn
1797 2692 1829 2788 †
1851 2715 1965 2770 munus
1988 2705 2160 2778 memorati

735 2824 818 2918 petri
841 2823 985 2918 germani
1008 2821 1098 2918 quod
1121 2843 1182 2914 ego
1205 2819 1264 2916 qui
1287 2827 1482 2892 memoratos
1505 2841 1566 2914 pro
1588 2819 1620 2892 ci
1641 2819 1813 2914 subscripsi
1835 2817 1866 2914 †

828 2945 973 3041 †nuo
998 2954 1199 3018 nonnose
1223 2951 1397 3018 omocc
1423 2921 1484 3018 m
1501 2948 1723 3018 Antoniou
1737 2953 2006 3024 norsuoncs
2027 2930 2159 3030 ednod

734 3077 968 3144 rnnunuoc
998 3075 1123 3141 nucu
1144 3048 1310 3163 don-w

829 3186 971 3284 †nro
992 3197 1194 3266 usnnonc
1219 3199 1394 3268 ommno
1418 3171 1480 3267 ΕΝ
1503 3171 1555 3268 fo
1579 3201 1806 3270 nornuonc
1828 3205 1859 3270 s
1881 3177 2013 3270 cc‘io'c
2046 3209 2156 3276 run-

734 3323 882 3388 nmuoo
905 3323 1031 3388 uuum
1052 3295 1163 3384 d'o'nis
1186 3315 1217 3412 †
1462 3379 1464 3386 .

828 3439 971 3534 †nro
1006 3414 1059 3514 15
1093 3452 1268 3517 enmono
1304 3421 1368 3518 X'u
1401 3455 1540 3520 cunru
1574 3419 1670 3520 scs
1704 3453 1931 3522 cornuum
1966 3459 1996 3524 ι
2028 3421 2158 3524 δι’ὧῖῐο

735 3576 967 3642 nunninus
990 3577 1114 3644 nucu
1136 3549 1246 3646 0075
1269 3568 1301 3665 †

830 3688 861 3784 †
884 3693 954 3788 Ego
979 3702 1090 3790 petrus
1112 3695 1251 3772 Curiolis
1273 3697 1441 3795 Complcvi
1471 3711 1504 3770 et
1532 3697 1657 3772 absolvi
1687 3721 1747 3796 per
1774 3699 1946 3774 indictione
1981 3711 2156 3778 memoratu

735 3822 830 3894 tertie
860 3819 893 3914 †
