4854 6528
1402 637 1553 732 (eso)

759 808 846 881 sonis
869 801 1048 878 summissis
1070 797 1161 870 nulio
1183 804 1330 891 tempore
1352 815 1534 890 numquam
1548 801 1586 865 tu
1599 795 1780 866 memorato
1804 791 1959 884 morio
1974 792 2113 868 ferrario
2130 807 2185 870 ant

755 933 821 1004 tuis
845 925 1021 1002 heredibus
1045 922 1134 1018 quod
1158 919 1241 994 absit
1265 918 1385 992 abeatis
1408 919 1525 992 exinde
1549 913 1724 1014 aliquando
1748 935 1956 1012 quacumque
1974 919 2187 1014 requisitione

759 1065 817 1129 aut
841 1051 987 1126 molestia
1010 1049 1054 1121 hc
1078 1071 1164 1122 nunc
1189 1047 1278 1119 etin
1301 1045 1464 1142 perpetuis
1486 1043 1699 1140 temporibus.
1724 1043 1861 1137 insuper
1884 1053 1918 1114 et
1934 1041 1976 1116 ab
1996 1047 2084 1121 omni
2109 1070 2187 1122 om-

764 1183 852 1256 mine
874 1179 1029 1273 omnique
1054 1200 1189 1273 persona
1212 1175 1302 1246 omni
1326 1181 1470 1266 tempore
1501 1193 1566 1266 ego
1590 1181 1623 1244 et
1645 1168 1820 1244 heredibus
1842 1169 1926 1242 meis
1948 1170 2007 1243 tibi
2030 1176 2183 1272 miscuo:

759 1305 930 1379 heredibus
953 1304 1069 1377 exinde
1092 1303 1128 1374 in
1151 1299 1302 1372 omnibns
1325 1305 1482 1366 antestare
1504 1303 1538 1366 et
1558 1295 1726 1367 defensare
1740 1293 1915 1368 debeamus
1939 1299 2124 1372 ostendente
2145 1309 2183 1374 tn

761 1443 794 1506 et
817 1431 989 1505 heredibus
1013 1429 1077 1498 tuis
1100 1424 1182 1496 mihi
1205 1421 1369 1516 meisque:
1395 1421 1571 1496 heredibus
1594 1429 1772 1496 memorate
1794 1419 1941 1494 chortnle
1966 1425 2068 1498 etsie
2091 1427 2185 1504 nobis

764 1561 836 1635 iilos
862 1565 1018 1628 antestare
1040 1559 1073 1622 et
1095 1551 1260 1623 defensare
1284 1547 1480 1622 debeamus:
1516 1571 1577 1643 pro
1599 1571 1641 1622 eo
1664 1549 1754 1646 quod
1777 1550 1886 1645 accepi
1910 1573 1930 1622 a
1953 1559 1986 1624 te
2009 1554 2125 1626 exinde
2148 1557 2183 1626 in

765 1685 920 1783 praenes
943 1681 977 1750 in
1000 1699 1132 1752 omnam
1155 1675 1316 1750 ressone
1338 1655 1647 1750 manuteneas
1661 1677 1743 1750 auec
1757 1675 1830 1748 aun
1846 1679 1907 1749 err
1923 1677 2087 1752 maere:
2107 1680 2183 1774 qua

763 1817 808 1886 itu
830 1811 923 1881 nobis
946 1805 1108 1878 combenit
1129 1805 1283 1876 siautem
1308 1803 1400 1874 aliter
1422 1805 1593 1876 fecerimus
1616 1804 1656 1876 de
1679 1803 1730 1874 his
1753 1802 1903 1876 omnibus
1926 1807 2111 1878 memoratis
2125 1831 2183 1900 per

764 1939 881 2036 quovis
905 1934 1039 2006 modum
1062 1937 1118 2002 aut
1140 1929 1318 2002 summissis
1341 1929 1487 2024 personis
1509 1937 1588 2002 tunc
1610 1951 1772 2024 compono
1790 1951 1854 2024 ego
1868 1940 1901 2004 et
1916 1930 2087 2004 heredibus
2103 1934 2181 2005 meis

764 2067 824 2140 tibi
847 2066 976 2159 tuisque
999 2057 1172 2132 heredibus
1195 2054 1409 2130 consolides
1432 2055 1604 2130 duodecim
1617 2056 1820 2152 bpthinnteos
1833 2067 1866 2130 et
1881 2079 1920 2130 ec
1935 2056 2081 2130 chartula
2096 2081 2181 2132 ren-

767 2193 896 2268 ditionis
921 2199 957 2262 ut
979 2209 1076 2282 super
1099 2185 1231 2279 legitur.
1255 2187 1298 2257 sit
1320 2185 1414 2257 firma
1437 2185 1556 2281 scripta
1570 2208 1628 2283 per
1644 2207 1759 2260 manus
1781 2186 1865 2280 petri
1889 2185 2022 2260 curialis
2045 2186 2183 2260 scrihere

766 2327 896 2412 rogatus
919 2338 978 2410 per
1000 2321 1177 2385 memorata
1201 2311 1307 2405 prima
1330 2310 1507 2382 indictione
1530 2309 1562 2402 †

861 2440 933 2510 Eoo
955 2439 1082 2530 signnm
1106 2435 1137 2531 †
1159 2457 1275 2508 manns
1298 2445 1474 2508 memorata
1497 2435 1570 2508 Koli
1596 2457 1672 2508 cum
1700 2455 1856 2510 consensu
1879 2447 2057 2510 memorata
2081 2439 2185 2510 marin

768 2590 919 2661 germane
942 2587 1000 2638 sna
1023 2563 1168 2660 ego-qui
1190 2570 1385 2638 memoratos
1418 2583 1479 2656 pro
1507 2561 1554 2636 eis
1577 2561 1751 2660 subscripsi
1773 2573 1807 2638 et
1829 2567 2001 2640 memorati
2024 2566 2089 2638 tari
2111 2576 2185 2638 tra-

770 2692 853 2764 ditos
876 2691 943 2763 ridi
966 2687 998 2783 †
1591 2738 1594 2746 ·

861 2817 893 2912 †
916 2839 979 2910 ego
1001 2817 1126 2910 sergius
1148 2811 1363 2910 subscripsi†
1383 2813 1415 2910 †
1438 2839 1501 2910 ego
1524 2822 1633 2908 petrns
1656 2812 1829 2908 subscripsi
1851 2813 1882 2907 †

862 2941 893 3035 †
917 2965 978 3034 ego
1009 2939 1164 3014 iohannes
1194 2940 1338 3014 medicus
1361 2948 1494 3034 rogatus
1524 2939 1796 3034 asuprnscriptus
1820 2959 1975 3036 personas
1998 2943 2071 3015 testi
2099 2944 2183 3015 sub-

767 3065 879 3158 scripsi
905 3075 938 3138 et
960 3065 1166 3160 suprascripti
1191 3067 1252 3138 tari
1275 3066 1408 3140 traditos
1431 3065 1499 3138 bidi
1522 3062 1554 3158 †

661 3164 665 3175 Ι
864 3191 980 3287 †ego
1004 3193 1159 3266 iohannes
1192 3194 1278 3268 iiius
1312 3195 1437 3268 domini
1468 3197 1537 3268 ursi
1571 3205 1703 3288 rogatus
1735 3197 2010 3292 asnprascriptas
2033 3215 2184 3290 personas

770 3323 841 3392 testi
865 3321 1037 3416 subscripsi
1062 3331 1095 3393 et
1117 3325 1324 3418 suprascripti
1348 3324 1409 3394 tari
1433 3323 1568 3396 traditos
1589 3323 1657 3396 bidi
1681 3324 1712 3419 †

860 3453 891 3546 †
915 3477 976 3548 ego
1002 3455 1172 3547 gregorius
1196 3452 1281 3526 filim
1303 3452 1426 3526 domini
1448 3453 1563 3524 cesarii
1585 3465 1756 3547 rogatusa
1779 3455 2007 3549 suprascriptas
2030 3477 2183 3548 personas

768 3579 837 3646 testi
861 3578 1034 3670 subscripsi
1054 3586 1087 3648 et
1109 3576 1318 3672 suprascripti
1341 3577 1403 3646 tari
1426 3577 1562 3648 traditos
1585 3577 1652 3650 bidi
1676 3578 1707 3674 †

861 3704 891 3798 †
915 3707 986 3799 Ego
1001 3714 1112 3799 petrns
1130 3703 1267 3780 curium
1282 3703 1341 3800 qui
1355 3715 1550 3779 memoratos
1565 3715 1638 3804 pust
1652 3682 2061 3805 subscriptionemtestium
2078 3706 2184 3778 Gum-

763 3833 847 3926 plevi
871 3856 929 3930 per
953 3837 1130 3906 memorata
1154 3831 1260 3926 prima
1282 3830 1460 3906 indictione
1483 3832 1515 3926 †
