4854 6528
901 695 1052 792 (4¹³)

940 981 1007 1057 CL»

200 1253 202 1260 ’
359 1241 392 1342 †
415 1237 453 1316 in
467 1239 599 1316 nomine
613 1237 737 1316 domini
753 1239 807 1312 dei
820 1237 987 1312 salvatoris
1001 1241 1104 1314 nostri
1118 1240 1216 1316 ihesu
1231 1239 1352 1314 Christi
1365 1239 1544 1336 imperante
1560 1249 1691 1324 domino
1766 1267 1820 1319 an.

266 1383 379 1447 nosue
401 1369 517 1444 basitic
545 1385 665 1464 magno
687 1369 884 1463 Imperatore
914 1389 1000 1438 anno
1024 1367 1216 1442 duodecimo
1246 1371 1303 1443 sed
1329 1379 1363 1442 et
1385 1372 1588 1446 constantino
1615 1397 1692 1448 ma-
1743 1383 1830 1446 972.

268 1523 335 1597 gno
358 1501 555 1594 Imperatore
578 1497 650 1570 eius
673 1498 772 1568 trater
796 1519 882 1568 anne
896 1517 984 1568 nono
998 1518 1059 1568 nee
1074 1518 1140 1568 non
1157 1505 1190 1568 et
1204 1497 1344 1572 iohanne
1359 1517 1478 1596 magno
1495 1503 1693 1598 Imperatore

268 1643 356 1696 anno
379 1621 519 1696 mundo
542 1621 595 1694 die
618 1621 832 1694 nonadecima
855 1624 972 1697 menda
996 1623 1126 1718 augusti
1150 1622 1325 1698 indictione
1347 1626 1586 1720 quintadecima
1608 1651 1693 1702 nea·

267 1749 357 1847 poti:
382 1747 514 1823 Certum
537 1757 586 1824 est
607 1771 667 1822 nos
690 1749 790 1823 drosu
812 1748 946 1823 honesta
976 1749 1097 1822 femina
1119 1749 1175 1823 cui
1203 1773 1301 1846 supra
1332 1771 1452 1822 nomen
1476 1774 1605 1846 gemma
1627 1755 1693 1828 tilia

268 1877 435 1975 quondam
538 1885 572 1952 et
593 1876 680 1952 bono
702 1877 882 1974 presbitero
903 1877 969 1950 hoe
992 1886 1041 1950 est
1064 1877 1218 1972 genitrice
1242 1887 1276 1950 et
1298 1878 1399 1952 titiosa
1425 1881 1455 1954 Α
1478 1882 1619 1976 presenti
1642 1883 1695 1958 die

269 2003 489 2101 promtissima
512 2005 678 2078 voluntate
699 2029 710 2075 a
735 2003 992 2078 venundedimus
1015 2011 1049 2074 et
1070 2003 1264 2076 tradidimus
1295 2005 1354 2076 tibi
1377 2007 1529 2103 gregario
1559 2009 1695 2082 fenario

270 2129 340 2206 titio
364 2132 497 2230 quidem
519 2131 607 2207 honi
630 2155 768 2208 monaco
790 2133 855 2206 hoc
878 2137 928 2204 est
950 2153 1072 2227 genero
1095 2139 1129 2204 et
1151 2140 1289 2226 cognato
1320 2142 1431 2206 nostm
1464 2135 1548 2210 idest
1570 2137 1696 2231 integra

273 2259 393 2358 petiole
415 2261 456 2334 de
481 2269 567 2333 terra
590 2267 701 2334 nostm
722 2279 788 2356 qne
811 2257 944 2356 ponitur
965 2261 999 2330 et
1015 2258 1200 2331 nominatur
1224 2258 1265 2330 ad
1288 2267 1420 2332 centum
1443 2259 1603 2356 pietatum
1630 2285 1697 2335 una

273 2409 351 2462 cum
373 2385 544 2460 arboribus
569 2395 603 2457 et
624 2385 797 2458 introitum
830 2409 929 2460 suum
951 2395 985 2458 et
1008 2387 1159 2460 omnibus
1182 2385 1244 2460 sivi
1266 2388 1499 2482 pertinentibus
1527 2389 1699 2464 coherente

272 2511 334 2586 sivi
358 2511 399 2584 ab
422 2534 490 2584 uno
512 2507 612 2582 latere
635 2517 723 2581 terra
745 2508 806 2604 qui
828 2510 892 2580 fuit
914 2510 955 2582 de
978 2515 1132 2605 repulum
1156 2523 1189 2586 et
1205 2513 1245 2587 de
1261 2513 1324 2587 elio
1338 2516 1439 2590 latere
1463 2515 1596 2589 coheret
1611 2527 1699 2590 terra

274 2639 375 2714 uncti
397 2645 533 2712 castrese
556 2635 652 2710 sicuti
673 2634 757 2717 inter
781 2658 817 2708 se
840 2635 925 2732 sepis
959 2637 1079 2708 extinat
1102 2645 1135 2710 et
1159 2639 1198 2710 de
1226 2663 1294 2714 uuo
1323 2643 1428 2738 capite
1459 2643 1592 2717 coheret
1615 2653 1701 2718 terra

276 2777 332 2842 tua
355 2793 420 2865 que
442 2776 480 2840 tu
503 2771 623 2840 emtam
645 2763 746 2837 habes
769 2788 789 2834 a
811 2765 919 2860 sergio
941 2763 1011 2836 tilio
1033 2763 1181 2860 stephani
1210 2765 1252 2840 de
1282 2771 1472 2866 pantaleone
1503 2781 1537 2845 et
1569 2772 1611 2846 de
1636 2771 1700 2845 alio

277 2893 382 2987 capite
405 2891 537 2966 coheret
570 2889 759 2968 inuasicum
790 2913 833 2964 ex
855 2891 924 2985 ipsa
947 2897 1033 2962 terra
1056 2911 1157 2984 quam
1180 2911 1242 2984 ego
1271 2901 1467 2965 memoratus
1490 2894 1597 2967 bonus
1619 2919 1702 2990 pre·

277 3017 378 3091 sbiter
408 3015 444 3088 in
474 3038 547 3087 mea
580 3012 744 3088 resorberi
774 3021 930 3108 potestate
962 3013 1108 3087 etmihi
1135 3022 1315 3088 memorata
1338 3039 1467 3110 gemm
1490 3015 1624 3089 obbenit
1645 3041 1704 3114 per

277 3143 424 3217 chanuto
445 3141 695 3240 comparationis
719 3165 783 3238 que
806 3147 884 3236 aput
907 3161 962 3213 me
985 3137 1084 3212 abeo:
1111 3141 1198 3216 unde
1214 3140 1296 3216 nihil
1311 3141 1404 3216 nobis
1428 3143 1546 3217 exinde
1570 3143 1703 3242 aliquod

278 3273 432 3348 remansit
457 3283 513 3346 aut
535 3269 772 3344 reserbavimus
798 3292 859 3343 nec
881 3269 917 3341 ia
940 3267 1044 3340 atiena
1079 3291 1216 3362 persona
1249 3257 1487 3344 commissimus
1518 3281 1703 3365 potestate:

280 3411 330 3475 set
353 3425 395 3472 av
417 3399 550 3472 odierm
574 3399 627 3472 die
651 3405 685 3470 et
706 3396 856 3490 deinceps
877 3391 1029 3466 iamdicta
1060 3402 1238 3466 memorata
1268 3395 1387 3486 petiole
1410 3399 1452 3469 de
1476 3407 1562 3470 terra
1595 3409 1706 3474 nosue

278 3527 384 3624 posita
406 3528 442 3600 in
464 3534 647 3600 memorato
669 3523 745 3598 Ioco
768 3543 835 3598 una
858 3545 937 3596 cum
959 3519 1131 3596 arboribus
1147 3527 1181 3592 et
1196 3517 1370 3601 ‚inunitam
1393 3544 1492 3596 snum
1506 3534 1540 3596 et
1555 3527 1708 3602 omnibus

281 3655 344 3727 sivi
367 3653 598 3748 pertinentibus
632 3651 727 3725 sicuti
749 3649 812 3723 tibi
835 3649 907 3723 illas
926 3673 989 3746 per
1016 3657 1211 3722 memorates
1242 3647 1441 3724 coherenties
1470 3645 1708 3730 insinuavimus

281 3782 366 3853 deut
387 3781 535 3875 superius
557 3779 678 3874 leffitur
700 3803 721 3850 a
743 3775 836 3849 nobis
859 3775 919 3850 tabi
942 3779 984 3849 sit
1006 3777 1204 3850 venundatae
1221 3785 1254 3849 et
1268 3775 1400 3851 nauus
1416 3777 1459 3850 ‘in
1480 3785 1538 3852 tua
1561 3779 1704 3876 tuisque.

281 3907 453 3983 heredibus
476 3908 541 3982 sint
563 3913 720 4006 potestate
743 3927 874 4002 queque
898 3903 1016 3980 exinde
1037 3907 1143 3980 iacere
1166 3903 1356 3982 volueritis:
1387 3913 1420 3978 et
1442 3929 1550 4002 neque
1574 3931 1593 3978 a
1616 3905 1709 3980 nobis

284 4059 391 4133 neque
414 4062 434 4107 a
456 4035 573 4108 nostris
604 4032 778 4106 hmedibus
811 4031 908 4106 reta
936 4029 1030 4102 nobis
1053 4032 1196 4126 personis
1229 4034 1408 4108 summissis
1439 4033 1531 4106 nutto
1565 4043 1711 4130 tempora

185 4187 204 4216 ·
284 4185 465 4259 numquam
487 4171 526 4235 tu
548 4169 606 4234 aut
636 4159 770 4234 hmedes
794 4159 859 4232 tuis
883 4157 972 4254 quod
990 4157 1078 4232 'absh
1107 4159 1228 4230 abeatis
1259 4161 1377 4232 exinde
1410 4161 1622 4258 requisitione
1654 4173 1712 4237 aut

286 4287 433 4360 molestia
454 4287 499 4360 ha
521 4309 609 4360 nunc
631 4293 665 4359 et
686 4283 722 4357 in
744 4283 909 4380 perpetuis
932 4282 1144 4378 temporibus.
1167 4283 1301 4381 Insuper
1325 4285 1415 4358 omni
1438 4294 1585 4382 tempore
1599 4310 1659 4360 nos
1675 4297 1709 4363 et

284 4413 402 4489 nostris
424 4413 598 4490 heredibus
621 4411 657 4486 in
680 4411 831 4485 omnibus
853 4410 914 4486 tibi
936 4413 1069 4508 tuisque
1101 4413 1275 4486 heredibus
1306 4421 1463 4486 antestare
1490 4421 1524 4485 et
1547 4415 1715 4495 defensare

285 4539 459 4612 debmmm
482 4546 614 4634 propter
637 4539 726 4636 quod
749 4537 931 4631 accepimus
946 4563 966 4609 a
982 4547 1015 4610 te
1029 4538 1111 4611 idest
1126 4537 1198 4611 auri
1213 4537 1333 4610 solidos
1356 4541 1439 4612 dnos
1458 4545 1497 4613 ut
1518 4541 1604 4615 inter
1619 4544 1714 4620 nobis

285 4659 470 4734 combenita
493 4663 522 4734 si
547 4670 657 4736 autem
678 4681 739 4732 nos
762 4669 795 4733 et
817 4661 936 4736 nostris
958 4661 1131 4734 heredibm
1146 4661 1238 4734 ahter
1253 4663 1424 4738 fecerimus
1446 4673 1526 4740 tunc
1540 4671 1716 4763 componi-

283 4808 359 4858 mus
385 4783 446 4856 tibi
464 4783 597 4882 tuisque
610 4781 784 4860 heredibus
799 4787 918 4859 solides
935 4787 1047 4862 decem
1061 4787 1265 4886 bythianteos
1280 4790 1388 4864 etheo
1403 4791 1551 4868 mutata
1565 4795 1609 4869 sit
1623 4795 1718 4870 firma

287 4918 411 5012 scripta
436 4935 495 5008 per
517 4936 632 4988 manus
655 4913 787 4986 iohanni
811 4911 949 4988 Curiatis
971 4939 1030 5010 per
1052 4923 1230 4989 memorata
1246 4913 1422 4991 indictione
1443 4916 1476 5015 †

390 5043 453 5114 hoc
477 5043 606 5140 signum
620 5041 651 5138 †
666 5068 782 5120 manus
804 5053 982 5124 memorata
998 5045 1098 5122 drosu
1113 5045 1168 5120 cui
1183 5067 1282 5146 supra
1297 5071 1417 5128 nomen
1431 5057 1564 5148 'gemm
1582 5059 1615 5125 et
1630 5049 1719 5126 bono
