4954 6532
663 1160 716 1210 an.
886 1131 916 1229 †
938 1135 976 1205 ln
998 1134 1130 1208 nomine
1153 1136 1278 1208 domini
1301 1138 1352 1209 dei
1376 1135 1543 1208 salvatoris
1566 1139 1668 1206 nostri
1690 1136 1787 1207 lbesu
1802 1135 1923 1209 Christi
1941 1137 2123 1230 lmperante
2140 1139 2209 1208 do-

648 1267 734 1334 951.
793 1261 882 1333 nrino
897 1273 1009 1332 nostro
1024 1260 1233 1331 Constantino
1249 1285 1367 1357 magno
1390 1263 1586 1356 Imperatore
1603 1283 1687 1330 anno
1712 1261 2057 1356 quadragesimotertio
2073 1275 2210 1333 romano

794 1407 913 1478 magno
936 1385 1129 1480 imperatore
1152 1387 1222 1458 eius
1245 1387 1313 1456 filio
1336 1407 1421 1456 anno
1442 1393 1535 1456 sexto
1559 1387 1611 1458 die
1627 1385 1779 1458 vicesima
1803 1387 1942 1459 secunda
1958 1386 2078 1458 mensis
2095 1385 2208 1482 aprilis

793 1511 968 1584 indictione
991 1534 1076 1582 nona
1092 1509 1234 1604 neapoli:
1250 1512 1382 1582 Gutum
1406 1524 1455 1582 est
1470 1533 1523 1583 me
1542 1510 1716 1584 iohannem
1744 1513 1958 1608 presbiterum
1986 1511 2056 1582 tilio
2071 1510 2207 1605 qaudam

791 1637 948 1710 iohanni:
973 1638 1004 1708 Α
1026 1637 1165 1733 presenti
1181 1635 1232 1709 die
1256 1637 1470 1733 promtissima
1484 1638 1674 1711 voluntate:
1700 1661 1760 1734 pro
1789 1639 1914 1713 domini
1933 1663 2044 1712 amore
2072 1649 2105 1710 ct
2133 1637 2203 1708 sal·

781 1766 926 1836 'betionis
950 1766 1055 1838 anime
1077 1788 1173 1839 mee:
1198 1767 1309 1840 Ollero
1331 1775 1364 1839 et
1386 1769 1483 1842 trado
1502 1767 1596 1840 vobis
1619 1768 1752 1840 domino
1774 1768 1942 1841 benedicto
1973 1765 2115 1840 ummilis
2132 1767 2205 1862 igu-

788 1914 884 1961 meno
907 1893 1094 1964 monasterii
1124 1903 1307 1965 sanctorum
1330 1893 1429 1988 sergii
1452 1903 1485 1964 et
1508 1895 1631 1966 bascbi.
1658 1895 1717 1988 qui
1740 1915 1827 1963 nunc
1857 1902 2070 1982 congregatus
2103 1901 2150 1960 cst
2171 1891 2208 1962 in

787 2012 981 2084 monasterio
1003 2023 1188 2086 sanctorum
1210 2015 1419 2087 theodori'et
1432 2018 1600 2089 sebastiani
1616 2019 1676 2112 qui
1690 2015 1866 2110 appellatur
1880 2015 2042 2108 Casapicta
2059 2007 2155 2085 situm
2171 2016 2206 2086 in

787 2141 953 2214 viridiario
977 2151 1010 2212 et
1032 2165 1090 2236 per
1112 2163 1172 2212 vos
1195 2151 1228 2213 et
1250 2143 1285 2211 in
1301 2143 1465 2213 nominato
1492 2153 1603 2215 sancto
1617 2155 1650 2216 et
1664 2142 1840 2217 venerabili
1856 2153 1964 2216 vestro
1990 2143 2202 2214 monasterio:

788 2271 880 2341 lDest
904 2293 1035 2342 omnem
1050 2295 1157 2342 meam
1180 2269 1391 2342 hereditatem
1414 2292 1471 2343 seu
1491 2271 1669 2344 mbsbntie
1693 2275 1732 2346 de
1756 2273 1842 2344 intus
1865 2282 1898 2344 et
1920 2271 1998 2344 ioris
2020 2272 2207 2344 undecum-

687 2413 690 2420 ·
787 2419 851 2490 que
876 2409 932 2467 aut
954 2400 1260 2493 quomodocumque
1272 2397 1352 2468 mibi
1367 2399 1506 2493 pertinet
1520 2401 1574 2471 vel
1589 2401 1785 2494 pertinentes
1800 2399 1899 2471 tueris
1913 2423 1969 2492 per
1993 2398 2110 2492 quobis
2126 2420 2206 2468 mtr-

787 2523 864 2592 dum
889 2531 945 2592 aut
968 2545 1026 2617 per
1050 2523 1287 2618 qualecumque
1298 2525 1475 2597 rationem:
1491 2535 1628 2622 excepto
1643 2525 1817 2598 movilibus
1832 2525 1991 2621 meisque
2007 2527 2041 2598 in
2056 2547 2129 2597 mea
2145 2549 2205 2598 re-

785 2651 911 2721 sorberi
927 2659 1138 2746 potastatem:
1157 2653 1279 2723 lterum
1302 2655 1404 2726 oll'ero
1420 2663 1453 2726 et
1480 2655 1572 2725 trado
1590 2653 1683 2725 vobis
1706 2664 1739 2726 et
1762 2676 1902 2748 perros
1927 2665 1959 2724 et
1982 2651 2018 2722 in
2039 2652 2206 2723 nominato

785 2791 895 2850 sancto
918 2789 951 2850 et
966 2779 1140 2852 venerabili
1156 2788 1264 2852 vestro
1279 2781 1486 2852 monasterio.
1512 2780 1594 2854 idest
1617 2781 1743 2874 integre
1766 2779 1913 2874 portione
1930 2801 2002 2850 mea
2019 2778 2203 2852 deecclesia

786 2901 1075 2978 bocabulosancte
1098 2904 1245 2977 iuliancs.
1273 2905 1415 3000 regionis
1438 2918 1532 3002 porta
1558 2905 1658 2978 sancti
1691 2903 1850 2986 ianuarii:
1883 2907 1955 2976 Une
1982 2927 2058 2976 cum
2081 2903 2205 2996 integra

784 3035 934 3128 portione
968 3033 1104 3120 meede
1139 3035 1287 3110 domibus
1322 3045 1355 3108 et
1378 3037 1418 3109 de
1441 3035 1556 3107 cellis:
1582 3043 1615 3106 et
1637 3035 1678 3106 de
1708 3032 1804 3105 rebus
1828 3039 1862 3102 ct
1884 3028 2136 3126 possessionibus
2172 3036 2206 3099 et

785 3161 969 3233 substantiis
991 3163 1153 3233 nominate
1177 3161 1307 3234 ecclesie
1322 3162 1517 3256 pertinentes
1532 3159 1584 3231 vel
1600 3160 1793 3254 pertinentes
1806 3157 1907 3230 lucris
1920 3179 1979 3252 per
1995 3155 2111 3251 quobis
2124 3177 2205 3226 mo-

787 3287 894 3358 dum:
921 3289 970 3360 De
997 3311 1062 3383 qua
1085 3286 1166 3357 nibil
1189 3286 1270 3357 mibi
1295 3286 1413 3358 exinde
1437 3283 1591 3356 remamit
1613 3306 1673 3353 nec
1697 3283 1732 3352 in
1755 3282 1858 3352 aliena
1891 3303 2029 3376 persone
2051 3279 2205 3352 commisi

787 3381 1000 3508 potestatem:
1026 3415 1074 3484 lta
1096 3424 1134 3486 ut
1157 3438 1176 3484 a
1199 3437 1285 3486 nunc
1309 3422 1342 3484 et
1357 3412 1505 3504 deinceps
1528 3411 1709 3482 nominatas
1732 3431 1844 3480 omnes
1867 3430 1973 3480 meam
1995 3406 2205 3478 hereditatem

784 3565 841 3613 aen
863 3541 1074 3614 substantiam
1098 3543 1138 3613 de
1161 3542 1248 3614 intua
1271 3547 1305 3614 et
1327 3537 1418 3609 loris.
1444 3539 1671 3632 undecumque
1706 3546 1763 3607 aut
1785 3537 2091 3632 quomodocumque
2123 3533 2205 3604 mibi

784 3669 923 3762 pertinet
946 3670 999 3740 vel
1024 3669 1217 3763 pertinentes
1250 3669 1351 3740 lucris
1373 3691 1432 3763 per
1454 3667 1571 3762 quobis
1605 3667 1767 3738 modum:
1800 3674 1856 3735 aut
1879 3687 1938 3758 per
1970 3661 2207 3758 qualecumque

784 3796 943 3868 rationem
966 3817 1026 3868 seu
1048 3805 1082 3866 et
1103 3794 1267 3864 nominate
1302 3793 1427 3886 integra
1450 3791 1598 3884 portione
1622 3813 1695 3860 mea
1717 3790 1758 3860 dc
1786 3787 1950 3858 nominata
1978 3783 2110 3855 ecdesia
2141 3783 2208 3853 bo-

786 3920 900 3991 cabulo
924 3929 1031 3991 sancte
1054 3917 1188 3990 iulianes
1209 3915 1352 4011 regionis
1375 3921 1467 4008 porta
1491 3913 1592 3984 sancti
1614 3910 1767 3980 ianuarii:
1795 3911 1865 3980 Una
1881 3931 1959 3978 curn
1983 3909 2105 4000 integre
2121 3929 2206 3999 por·

645 4039 652 4051 ⁴
785 4048 873 4120 tione
896 4071 969 4120 mea
994 4048 1033 4120 de
1057 4046 1204 4118 domibus
1222 4053 1255 4118 et
1271 4045 1311 4118 de
1326 4043 1413 4116 cellis
1429 4049 1462 4112 et
1485 4042 1526 4113 de
1542 4038 1639 4110 rebus
1654 4047 1685 4108 et
1701 4035 1951 4130 possessionibus
1976 4047 2008 4107 et
2023 4037 2208 4108 substantiis

784 4174 949 4245 nominate
985 4174 1117 4248 ecclesie
1149 4175 1343 4270 pertinentes
1366 4171 1419 4243 rel
1453 4168 1647 4264 pertinentes
1670 4163 1768 4236 fuere
1803 4186 1862 4257 per
1892 4163 2010 4258 quobis
2040 4164 2203 4234 modum:

786 4309 922 4394 excepto
944 4299 1145 4373 nominatum
1173 4299 1328 4372 movilem
1351 4317 1461 4367 meum
1485 4293 1544 4386 qui
1567 4289 1601 4360 in
1617 4313 1689 4361 mee
1714 4287 1877 4362 resorberi
1904 4295 2094 4381 potestatem
2117 4309 2206 4381 que-

786 4451 851 4522 que
885 4428 990 4500 iacere
1024 4427 1183 4496 voluero:
1220 4427 1272 4494 De
1302 4443 1368 4518 que
1393 4417 1475 4489 nibil
1508 4415 1591 4487 mibi
1623 4413 1739 4486 exinde
1775 4413 1927 4486 remansit
1949 4423 1999 4484 set
2021 4413 2055 4482 in
2079 4413 2207 4506 integro

660 4547 663 4554 ⁴
785 4557 869 4628 sicut
891 4555 1040 4649 superius
1061 4552 1182 4644 legitur
1205 4575 1224 4620 a
1248 4571 1300 4618 mc
1333 4546 1438 4618 vobis.
1464 4555 1498 4616 et
1520 4567 1579 4638 per
1602 4565 1662 4614 vos
1685 4543 1719 4612 in
1742 4541 1908 4612 nominato
1941 4547 2051 4611 sancto
2083 4553 2117 4610 et
2139 4559 2205 4610 ve·

784 4683 920 4756 nerabili
942 4689 1051 4753 vestm
1074 4675 1270 4746 monasterio
1292 4673 1334 4744 sit
1356 4675 1507 4770 offertum
1529 4679 1563 4744 et
1582 4669 1737 4742 traditum
1753 4669 1787 4739 iu
1802 4673 1908 4740 vestra
1923 4663 2123 4759 posterisque
2139 4688 2206 4736 re-

784 4807 871 4876 stris.
896 4814 928 4876 et
951 4802 986 4871 in
1009 4797 1177 4872 nominato
1198 4807 1309 4869 sancto
1333 4807 1366 4869 et
1388 4793 1564 4868 venarabili
1588 4803 1697 4866 vestro
1721 4790 1917 4864 monasterio
1945 4789 1988 4860 sit
2013 4798 2205 4884 potestatem

784 4951 914 5027 queque
936 4928 1053 5001 exinde
1077 4928 1183 4998 iecere
1207 4921 1396 4997 volueritis:
1426 4931 1458 4993 et
1480 4943 1587 5016 neque
1615 4940 1705 4991 ame
1721 4915 1888 4990 nominato
1911 4915 2051 4989 iohanne
2074 4913 2205 5010 presbi-
